2581 3337
219 968 360 1045 Duo'
376 1003 569 1056 principia
598 995 741 1057 agendi
768 1002 904 1055 posuit
932 985 1187 1049 Aristoteles,
1215 1014 1356 1050 unum,
1384 1000 1494 1054 quod
1522 1002 1565 1040 in
1593 1000 1783 1041 arbitratu
1809 1001 1980 1041 hominis
2006 1003 2123 1042 situm
2152 1009 2230 1052 est,
2258 1003 2433 1055 alterum,

221 1079 330 1134 quod
357 1075 493 1119 dn'rino
529 1075 700 1131 quodam
735 1079 894 1117 numine
929 1077 1133 1156 provisum
1168 1083 1227 1117 est
1262 1091 1308 1116 ac
1342 1079 1611 1117 constitutum.
1667 1076 1747 1116 Sed
1782 1091 1905 1129 quum
1941 1080 2160 1130 quaeritur,
2199 1092 2303 1132 quae
2330 1083 2433 1122 ratio

218 1155 440 1197 intercedat
457 1157 570 1194 inter
596 1141 806 1205 utrumque
822 1154 1084 1218 principium,
1113 1159 1221 1192 tanta
1250 1160 1324 1192 est
1335 1140 1598 1206 interpretum
1624 1152 1828 1201 dissensio,
1857 1159 1904 1192 ut
1929 1166 2011 1193 non
2039 1153 2212 1193 alienum
2238 1155 2433 1205 videatur,

216 1234 261 1272 in
288 1229 404 1271 hanc
413 1226 514 1271 rem
523 1213 740 1270 admodum
765 1228 974 1269 difficilem
985 1227 1114 1282 paulo
1142 1230 1360 1268 accuratius
1387 1229 1602 1282 inquirere.
1657 1227 1860 1278 Schrader,
1890 1227 2059 1284 Collega
2078 1228 2289 1283 Gymnasii
2310 1232 2435 1274 Bran-

220 1304 526 1361 denburgensis‚
553 1308 596 1345 in
624 1305 797 1360 eleganti
823 1318 895 1344 sua
922 1304 1200 1344 dissertatione
1225 1306 1357 1359 attigit
1382 1317 1505 1344 unum
1532 1303 1677 1359 agendi
1703 1306 1957 1358 principium,
1992 1304 2222 1346 arbitratum
2252 1307 2434 1357 hominis,

220 1382 396 1432 alterum,
424 1395 504 1435 quo
533 1380 584 1420 ad
611 1387 720 1420 recte
747 1379 943 1435 agendum
970 1379 1205 1420 necessitate
1232 1379 1400 1433 quadam
1427 1379 1671 1434 impellimur,
1698 1382 1738 1420 in
1766 1379 1994 1420 definienda
2011 1380 2230 1422 voluntatis
2248 1382 2434 1425 libertate

218 1459 404 1511 neglexit.
459 1455 748 1496 Animadvertit
775 1456 949 1508 quidem,
982 1456 1090 1494 aliud
1116 1463 1323 1507 praeterea
1348 1457 1587 1508 principium
1615 1456 1665 1494 ab
1695 1456 1909 1495 Aristotele
1936 1456 2180 1509 postulatum
2207 1471 2254 1496 ac
2280 1459 2434 1512 signifi-

220 1540 349 1574 catum
384 1546 487 1573 esse:
523 1540 564 1572 at
597 1535 655 1572 rei
691 1531 957 1583 expediendae
993 1530 1229 1571 difficultate
1262 1531 1329 1571 vel
1365 1531 1578 1572 deterritus
1612 1516 1678 1571 vel
1712 1546 1781 1571 sua
1817 1531 1868 1571 de
1904 1534 2022 1571 animi
2057 1533 2216 1571 humani
2242 1533 2432 1574 libertate

221 1610 411 1663 opinione
430 1591 613 1649 'confisus
641 1606 896 1648 Aristotelem
922 1608 1102 1648 incusare
1129 1606 1288 1656 maluit,·
1305 1606 1415 1660 quod
1432 1607 1591 1649 'nodum
1617 1620 1700 1648 non
1728 1606 1921 1657 solvisset,
1950 1607 2021 1649 sed
2049 1622 2143 1648 ense
2169 1611 2361 1651 secuisset
2376 1611 2430 1661 ¹).

220 1684 352 1725 Zeller
375 1666 431 1725 bin·
447 1684 550 1725 libro
580 1683 629 1724 de
648 1682 902 1737 Philosophia
929 1695 1072 1739 graeca
1097 1695 1150 1723 ne
1178 1684 1309 1739 attigit
1336 1683 1493 1737 quidem
1514 1684 1621 1725 hanc
1648 1685 1926 1738 quaestionem,
1953 1682 2024 1724 sed
2052 1697 2168 1737 quem
2195 1683 2432 1727 dualismum

219 1763 267 1800 in·
290 1762 430 1800 ceteris
457 1760 733 1815 philosophiae
752 1759 1016 1799 Aristoteleae
1043 1758 1224 1814 partibus
1253 1758 1528 1814 deprehendit,
1558 1760 1723 1801 eundem
1749 1772 1835 1799 esse
1864 1760 1919 1798 ait
1945 1761 1987 1800 in
2016 1772 2062 1800 ea
2088 1766 2219 1814 parte,
2249 1773 2353 1815 quae
2380 1760 2431 1802 ad

219 1841 323 1875 vitae
346 1835 554 1875 'actionem
588 1839 763 1889 pertinet
781 1838 834 1885 ²).
891 1838 951 1874 Ac
984 1849 1070 1874 mea
1106 1836 1264 1887 quidem
1298 1840 1494 1875 sententia
1529 1850 1644 1877 nemo
1673 1843 1777 1876 recte
1805 1836 1981 1874 iudicare
2008 1839 2155 1889 poterit
2183 1837 2234 1875 de
2262 1839 2432 1886 ratione,

220 1927 336 1963 quam
364 1913 600 1952 'Aristoteles
634 1913 700 1951 vel
734 1915 776 1951 in
810 1913 961 1951 Ethicis
995 1912 1061 1950 vel
1095 1914 1136 1950 in
1169 1912 1346 1950 Politicis
1382 1915 1578 1963 sequitur,
1622 1917 1699 1951 nisi
1732 1920 1866 1951 mutua
1901 1913 1970 1950 illa
2003 1915 2210 1963 utriusque
2245 1916 2433 1965 principii

219 1987 414 2028 relatione
443 1989 614 2042 cognita.
671 1987 809 2039 Quare
836 1988 914 2027 hoc
942 1986 1099 2038 quidem
1127 1987 1218 2027 loco
1245 1986 1465 2035 videamus,
1502 2002 1617 2039 quam
1651 1990 1843 2028 rationem
1871 1989 1975 2027 inter
2002 1987 2099 2026 haec
2125 1986 2209 2027 duo
2236 1989 2433 2041 principia

221 2061 365 2117 agendi
400 2062 644 2104 intercedere
679 2061 852 2102 voluerit
885 2061 1132 2102 Aristoteles.
1196 2062 1284 2102 Erit
1318 2067 1449 2102 autem
1475 2062 1580 2121 *haee
1614 2070 1751 2103 nostra
1786 2063 1966 2116 quaestio
2001 2062 2209 2116 tripartita.
2275 2062 2432 2104 Etenim

219 2134 690 2190 primum‘quaerendum
719 2139 794 2176 erit
821 2136 871 2176 de
898 2150 1048 2176 summo
1085 2139 1212 2186 bono,
1248 2139 1289 2175 in
1326 2150 1407 2189 quo
1445 2151 1565 2177 unum
1600 2139 1837 2192 principium
1876 2145 1935 2178 est
1969 2139 2163 2192 positum,
2198 2135 2346 2178 deinde
2381 2138 2432 2178 de

223 2215 408 2263 consilio,
434 2217 482 2273 in>
505 2228 587 2267 quo
616 2214 781 2253 alterum
810 2220 886 2262 est,
915 2214 1087 2266 denique
1116 2214 1166 2253 de
1188 2216 1400 2265 utriusque
1427 2216 1614 2267 principii
1641 2215 1847 2254 relatione.

1201 2399 1379 2451 CAPUT
1414 2400 1450 2450 Ι.

1002 2497 1099 2533 nn
1140 2496 1403 2533 sunno*
1438 2496 1651 2532 nono.

362 2595 366 2605 ²
404 2587 501 2634 Non
521 2594 689 2653 ‘dubitat
716 2588 971 2644 Aristoteles,
1008 2596 1104 2647 quin
1140 2606 1274 2634 omnes
1302 2591 1486 2634 homines
1510 2594 1566 2634 ad
1581 2595 1708 2635 beate
1733 2593 1947 2635 vivendum
1974 2598 2140 2633 naturae
2168 2589 2336 2644 quodam
2362 2591 2433 2630 im-

221 2671 319 2718 petu
348 2660 653 2730 ‘feranturss'‘'·At
686 2682 817 2724 quum>
843 2666 1062 2724 quaeritur,
1096 2671 1138 2710 in
1173 2682 1253 2723 quo
1288 2670 1422 2722 posita
1456 2670 1508 2709 sit
1539 2671 1621 2710 vita
1656 2670 1790 2720 beata,
1827 2682 2007 2725 magnam
2034 2670 2089 2708 ait
2115 2679 2200 2707 esse
2226 2668 2334 2706 inter
2361 2678 2431 2707 eos
2498 2676 2504 2678 ·

223 2736 544 2809 οΰῌῒτούέἓξίθὼ.
590 2744 756 2787 'Etenim
784 2747 852 2787 alii
877 2745 1141 2801 voluptatem,
1176 2746 1243 2786 alii
1277 2746 1453 2795 divitias,
1488 2746 1557 2786 alii
1584 2748 1776 2796 honores,
1815 2747 1883 2787 alii
1911 2747 2082 2798 denique
2107 2756 2182 2797 pro
2209 2742 2298 2783 aliis
2325 2745 2430 2782 vitae

225 2808 538 2880 conditionibuS,
569 2827 646 2874 qua
669 2818 982 2875 'utuntur,·alia,
1009 2832 1056 2865 ut
1083 2825 1236 2880 aegroti
1257 2822 1401 2864 bonam
1419 2822 1703 2874 valetudinem,
1733 2826 1850 2879 egeni
1877 2823 2134 2878 opulentiam,
2161 2818 2232 2861 alii
2259 2817 2431 2871 denique

360 2888 364 2896 k
407 2881 457 2951 l)
473 2893 666 2945 Aristotelis
689 2910 731 2947 'de
751 2910 920 2947 voluntate
942 2896 1100 2947 ‹loeti-ina.
1143 2909 1380 2959 Brandeuburg
1402 2911 1498 2948 1847.
1543 2925 1576 2961 p.
1591 2913 1654 2954 23,
1679 2913 1736 2953 14,
1759 2912 1811 2947 15.

370 2985 374 2995 .
394 2961 582 3004 ‘2)·Zelier
602 2961 820 3013 philosophie
842 2965 901 3001 der
923 2964 1096 3002 Griechm.
1140 2965 1179 3001 B.
1196 2968 1227 3000 2.

1941 3029 2001 3066 1*
