2581 3337
1125 141 1428 186 -9-

166 266 377 319 κινήσεως·
411 269 452 307 οἱ
479 262 564 318 ’γὰρ
599 266 803 316 ἐγκρατεῖς
837 259 1071 315 ὀρεγόμενοι
1104 263 1175 302 καὶ
1208 262 1502 313 ἐπιθυμοῦντες
1537 260 1585 303 οὐ
1616 260 1863 315 πράττουσιν
1894 257 1952 303 ὦν
1978 266 2112 316 ἔχουσι
2137 262 2216 314 τὴν
2242 261 2384 320 ὄρεξιν,

168 344 258 386 ἀλλ’
282 341 563 385 ἀκολουθοῦσι
589 341 645 391 τῷ
671 339 740 390 νῷ.
797 337 922 390 Quod
956 337 1106 377 bonum
1140 342 1272 377 mente
1306 336 1634 391 apprehenditur,
1670 336 1876 379 voluntate
1912 341 2130 392 appetitur,
2166 340 2209 381 id
2244 353 2385 381 revera

166 421 316 461 bonum
344 423 420 466 est,
455 414 572 468 quod·
591 420 720 454 autem
747 414 1028 469 imaginatione
1055 414 1186 452 animo
1213 412 1465 454 informatum
1493 419 1555 453 est
1581 418 1623 452 et
1650 412 1866 466 cupiditate
1892 416 2109 468 appetitur,
2142 415 2183 456 id
2209 418 2384 470 speciem

167 496 286 536 habet
311 493 420 532 boni.
462 491 704 543 Principium
723 496 784 529 est
802 492 943 529 mentis
962 491 1179 543 perceptio.
1226 490 1398 542 Metaph.
1419 490 1503 529 XII.
1525 492 1561 529 7.
1589 486 1636 529 τὸ
1667 485 1833 542 ὀρεκτὸν
1859 491 1928 529 καὶ
1953 487 2000 531 τὸ
2027 488 2179 541 νοητὸν
2205 499 2303 533 κινεῖ
2330 492 2381 533 οὐ

166 567 392 620 κινούμενα.
435 564 588 607 τούτων
615 562 667 604 τὰ
693 566 833 618 πρῶτα
860 562 912 604 τὰ
940 563 1058 605 αὑτά.
1098 561 1355 616 ἐπιθυμητὸν
1380 566 1454 615 μὲν
1481 562 1560 617 γὰρ
1587 561 1633 604 τὸ
1664 562 1916 618 φαινόμενον
1941 564 2078 612 καλόν,
2104 564 2309 616 βουλητὸν
2338 568 2384 607 δὲ

164 644 325 696 πρῶτον
343 639 390 682 τὸ
410 637 459 681 ὂν
475 637 614 680 καλόν.
656 637 892 692 ὀρεγόμεθα
920 640 962 679 δέ
991 637 1093 679 διότι
1112 640 1221 679 δοκεῖ
1238 640 1397 689 μᾶλλον
1416 635 1440 688 ἢ
1460 639 1569 679 δοκεῖ
1588 636 1691 678 διότι
1710 637 1956 691 ὀρεγόμεθα.
2000 636 2105 692 ἁρχὴ
2125 640 2165 679 δὲ
2182 639 2209 689 ἡ
2228 638 2381 690 νόησις.

165 721 261 759 Duo
288 720 411 772 igitur
439 718 612 756 existunt
638 717 842 767 principia,
872 730 974 767 quae
1001 716 1078 755 sibi
1105 721 1198 754 sunt
1226 717 1420 767 opposita,
1456 729 1579 754 unum
1607 711 1653 753 τὸ
1683 712 1999 766 ὀρεκτόνξςιιοᾶ
2027 728 2137 754 mens
2166 717 2386 768 apprehen·

165 793 233 843 dit,
261 793 447 834 voluntas
476 793 637 845 appetit,
665 790 831 831 alterum
859 787 905 831 τὸ
933 788 1186 845 προαιρετόν,
1213 789 1318 831 unde
1347 792 1450 830 actio
1478 788 1755 843 proficiscitur.
1811 790 1902 830 Eth.
1922 792 2076 831 Nicom.
2097 791 2166 831 VI.
2195 793 2234 832 2.
2279 791 2385 845 πρά-

165 861 262 919 ξεως
288 870 362 921 μὲν
390 862 464 908 οὖν
491 864 595 920 ἀρχὴ
623 868 875 921 προαίρεσις,
911 864 1017 907 ὅθεν
1044 865 1070 917 ἡ
1097 868 1268 917 κίνησις,
1304 864 1393 906 ἀλλ’
1418 864 1490 918 οὐχ
1519 861 1567 906 οὗ
1594 869 1725 906 ἕνεκα·
1759 869 2030 923 προαιρέσεως
2063 868 2125 917 δέ,
2161 864 2291 921 ὄρεξις
2316 871 2385 911 καὶ

165 943 287 996 λόγος
314 944 336 984 ὁ
366 941 480 983 ἕνεκά
507 958 627 990 τινος.
683 944 792 982 Haec
819 949 948 982 autem
977 943 1058 982 duo
1088 949 1257 982 extrema
1283 955 1366 981 uno
1393 943 1592 994 principio
1622 945 1884 990 eontinentur,
1918 943 2026 994 quod
2053 945 2227 996 positum
2256 950 2317 983 est
2342 946 2383 984 in

165 1028 296 1061 mente
323 1022 506 1073 practica.
561 1021 663 1059 Nam
691 1033 799 1059 mens
827 1021 1000 1072 practica
1028 1025 1068 1058 et
1094 1020 1195 1059 fines
1221 1033 1353 1059 rerum
1382 1017 1624 1072 agendarum
1653 1018 1877 1058 considerat
1905 1033 2047 1071 easque
2081 1023 2307 1068 constituit,
2344 1028 2385 1060 et

167 1109 232 1137 eas
260 1109 334 1145 res,
363 1109 465 1149 quae
492 1094 543 1135 ad
570 1094 688 1134 finem
716 1096 929 1148 pertinent.
984 1095 1138 1135 Etenim
1167 1093 1390 1149 prudentia,
1426 1108 1545 1146 quum
1574 1095 1615 1134 in
1644 1095 1690 1134 iis
1716 1095 1836 1135 rebus
1865 1094 1970 1144 solis,
2004 1109 2105 1148 quae
2133 1095 2207 1136 fini
2233 1109 2385 1136 accom-

166 1170 348 1211 modatae
376 1176 479 1219 sunt,
507 1177 697 1219 versetur,
725 1172 868 1210 mentis
895 1172 1071 1211 ministra
1099 1177 1159 1210 est
1187 1173 1301 1223 eique
1330 1169 1622 1223 quodammodo
1652 1172 1844 1224 opposita,
1874 1173 1965 1223 quia
1990 1173 2150 1212 extremi
2172 1178 2243 1221 est,
2272 1171 2384 1224 quod

166 1247 241 1287 sub
270 1261 427 1286 sensum
457 1246 571 1286 cadit.
626 1248 715 1286 Eth.
745 1248 898 1286 Nicom.
928 1248 998 1286 VI.
1026 1249 1064 1286 8.
1117 1246 1352 1286 Ἀντίκειται
1381 1248 1455 1297 μὲν
1490 1245 1541 1295 δὴ
1576 1247 1634 1297 τῷ
1668 1248 1723 1296 νῷ
1759 1245 1811 1296 (ἡ
1848 1244 2089 1301 φρόνησις)·
2132 1246 2155 1287 ὁ
2193 1249 2269 1298 μὲν
2302 1244 2383 1300 γὰρ

165 1322 262 1369 νοῦς
288 1323 368 1362 τῶν
397 1318 521 1374 ὅρων,
557 1315 614 1362 ὦν
641 1321 712 1362 οὐκ
740 1324 823 1362 ἔστι
849 1319 987 1373 λόγος·
1024 1321 1050 1371 ἡ
1079 1322 1120 1362 δὲ
1148 1323 1222 1362 τοῦ
1249 1317 1440 1372 ἐσχάτου,
1476 1315 1525 1361 οὖ
1561 1320 1633 1361 οὐκ
1667 1323 1771 1361 ἔστιν
1808 1319 2024 1373 ἐπιστήμη,
2059 1321 2146 1362 ἀλλ’
2170 1321 2382 1371 αἴσθησις.

166 1397 248 1440 Sed
276 1412 390 1451 quam
418 1397 643 1438 facultatem
670 1397 833 1438 videndi
859 1397 1099 1438 universalia
1125 1398 1168 1437 in
1195 1396 1362 1452 singulis
1390 1396 1626 1450 prudentiae
1653 1397 1792 1438 tribuit
1819 1396 2072 1447 Aristoteles,
2106 1397 2269 1438 eandem
2297 1400 2384 1439 vin-

167 1473 272 1516 dicat
298 1477 430 1524 menti,
460 1475 537 1515 hoc
565 1481 693 1516 tamen
722 1474 956 1524 discrimine,
984 1473 1091 1528 quod
1119 1472 1332 1528 prudentia
1360 1488 1407 1515 ea
1434 1481 1595 1524 tantum,
1631 1488 1728 1527 quae
1756 1473 1808 1514 ad
1835 1473 1954 1515 finem
1982 1476 2189 1528 pertinent,
2218 1482 2384 1528 spectat,

166 1564 276 1591 mens
304 1557 433 1591 autem
463 1557 503 1591 et
530 1550 650 1591 finem
679 1552 900 1600 constituit,
928 1552 1031 1599 sive,
1059 1556 1105 1590 ut
1131 1563 1217 1590 cum
1245 1550 1463 1591 Aristotele
1491 1564 1574 1591 rem
1602 1549 1652 1590 ad
1678 1550 1845 1605 logicam
1873 1549 2105 1600 referamus,
2133 1550 2242 1604 quod
2267 1564 2381 1593 menz

168 1634 429 1666 extremorum
458 1635 518 1666 est
544 1630 585 1666 in
613 1634 819 1679 utramque
846 1633 1008 1680 partem.
1063 1626 1152 1665 Eth.
1180 1627 1334 1665 Nicom.
1363 1628 1433 1666 Vl.
1464 1629 1527 1666 11.
1577 1623 1690 1666 ’Ἐστι
1722 1627 1764 1666 δέ
1792 1627 1875 1665 τῶν
1901 1625 2002 1665 καθ’
2026 1630 2175 1666 ἕκαστα
2201 1628 2272 1668 καὶ
2297 1629 2382 1667 τῶν

166 1701 346 1755 ἐσχάτων
373 1700 537 1743 ἅπαντα
564 1700 616 1743 τὰ
643 1702 824 1757 πρακτά·
859 1705 928 1743 καὶ
962 1700 1040 1755 γὰρ
1075 1699 1149 1742 τὸν
1181 1700 1384 1757 φρόνιμον
1410 1704 1472 1743 δεῖ
1497 1700 1725 1754 γιγνώσκειν
1759 1700 1886 1741 αὐτοὶ·
1921 1704 1990 1742 καὶ
2017 1702 2042 1750 ἡ
2071 1701 2228 1749 σύνεσις
2255 1705 2326 1743 καὶ
2351 1703 2380 1752 ἠ

165 1775 304 1829 γνώμη
330 1779 423 1831 περὶ
449 1775 501 1818 τοὶ
528 1775 699 1831 πρακτά.
754 1778 843 1818 Καὶ
878 1776 900 1818 ὁ
936 1778 1032 1825 νοῦς
1065 1779 1146 1818 τῶν
1178 1775 1356 1830 ἐσχάτων
1383 1776 1444 1818 ἐπ’
1471 1775 1705 1832 ἀμφότερα·
1738 1779 1808 1817 καὶ
1842 1774 1921 1831 γὰρ
1956 1779 2036 1817 τῶν
2067 1775 2237 1829 πρώτων
2272 1775 2383 1832 ὅρων

165 1855 235 1893 καὶ
268 1854 350 1893 τῶν
384 1851 564 1905 ἐσχάτων
597 1856 693 1901 νοῦς
728 1857 822 1894 ἐστι.
884 1853 1160 1906 Apprehendit
1200 1855 1303 1893 enim
1346 1867 1456 1894 mens
1495 1860 1535 1893 et
1568 1853 1848 1893 universalium
1884 1860 1925 1893 et
1958 1851 2216 1906 singularium
2249 1867 2383 1894 rerum

166 1930 361 1983 principia
388 1942 606 1982 eorumque
631 1932 808 1984 rationes
835 1928 1029 1982 pervidet.
1084 1928 1203 1969 Unde
1233 1929 1424 1979 efficitur,
1451 1936 1498 1969 ut
1523 1943 1631 1969 nunc
1655 1943 1728 1983 per
1755 1929 2048 1983 syllogismum,
2081 1942 2189 1969 nunc
2223 1943 2298 1982 per
2323 1932 2383 1970 in-

167 2004 393 2045 ductionem
430 2003 683 2045 demonstret.
739 2004 901 2058 Analyt.
936 2010 1040 2058 post.
1067 2003 1112 2044 11.
1143 2006 1205 2046 19.
1262 2005 1436 2046 Adhibet
1471 2010 1599 2045 autem
1634 2004 1922 2054 inductionem,
1959 2005 2051 2057 quia
2085 2017 2167 2053 res,
2203 2017 2305 2057 quae
2340 2005 2383 2046 in

168 2083 363 2119 actionem
397 2083 582 2128 veniunt,
618 2081 734 2119 aliter
768 2094 812 2119 se
846 2081 992 2119 habere
1026 2087 1207 2132 possunt.
1263 2081 1332 2120 cfr.
1367 2081 1455 2120 Eth.
1483 2081 1636 2119 Nicom.
1664 2080 1733 2118 VI.
1763 2082 1829 2120 11.
1885 2079 2009 2131 Quod
2036 2081 2071 2118 si
2098 2081 2154 2118 ita
2181 2086 2259 2128 est,
2294 2082 2382 2120 iure

166 2155 260 2194 mihi
286 2155 428 2196 videor
454 2169 574 2209 posse
602 2155 862 2205 contendere,
897 2162 1066 2195 mentem
1100 2158 1310 2210 practicam
1344 2156 1393 2196 ab
1423 2154 1639 2196 Aristotele
1674 2168 1749 2208 pro
1777 2156 1856 2196 hoc
1881 2168 1964 2196 uno
1992 2168 2039 2195 ac
2064 2154 2155 2195 solo
2181 2156 2380 2208 principio

167 2230 329 2284 agendi,
365 2231 475 2283 quod
510 2231 669 2284 quidem
701 2234 744 2272 in
776 2232 935 2271 bomine
961 2233 1135 2285 positum
1164 2238 1240 2281 est,
1277 2245 1362 2271 esse
1389 2231 1569 2271 habitam.
1624 2232 1697 2270 Est
1724 2232 1828 2271 enim
1855 2244 1963 2270 mens
1991 2232 2166 2283 practica
2191 2232 2380 2271 tenninns

167 2306 336 2356 medius,
366 2309 435 2360 qui
462 2310 671 2349 terminum
697 2307 1075 2362 maiorem,·agendi
1095 2307 1233 2357 finem,
1261 2314 1302 2349 et
1328 2309 1534 2348 terminum
1561 2308 1772 2356 minorem,
1800 2321 1883 2347 rem
1911 2306 2121 2361 agendam,
2149 2309 2190 2346 in
2216 2320 2260 2346 se
2286 2319 2382 2347 eon-

167 2381 269 2422 tinet
295 2389 414 2436 atque
443 2382 577 2434 efficit,
604 2390 649 2425 ut
676 2390 857 2434 extrema,
884 2397 986 2439 quae
1012 2397 1086 2439 per
1112 2398 1156 2425 se
1184 2383 1338 2434 distant,
1366 2385 1408 2424 in
1435 2396 1557 2424 unum
1586 2386 1746 2425 coe‘antz
1778 2389 1819 2426 et
1843 2381 2169 2438 quemadmodum
2191 2382 2380 2424 terminus

167 2457 320 2497 medius
333 2473 466 2500 ocausa
493 2467 571 2509 est,
599 2475 647 2500 ex
673 2475 753 2513 qua
777 2474 843 2501 res
870 2461 936 2500 vel
962 2463 1142 2515 gignitur
1166 2461 1233 2501 vel
1260 2462 1531 2515 cognoscitur,
1562 2460 1726 2513 Analyt.
1754 2467 1859 2514 post.
1887 2461 1935 2500 11.
1963 2462 2002 2500 2.
2066 2460 2123 2499 Τὸ
2149 2460 2222 2511 μὲν
2248 2456 2405 2498 αἴτιον·

166 2529 215 2573 τὸ
246 2535 391 2585 μέσον,
424 2538 469 2575 ἐν
504 2532 634 2576 ἅπασι
660 2536 703 2576 δὲ
730 2538 850 2577 τοῦτο
886 2537 1072 2586 ζητεῖται.
1128 2537 1197 2577 cfr.
1224 2536 1253 2576 1.
1280 2538 1337 2576 2:
1371 2537 1429 2575 sic
1463 2549 1574 2576 mens
1610 2538 1786 2590 practica
1821 2550 1938 2577 causa
1972 2550 2018 2575 ac
2052 2535 2287 2588 principium
2318 2539 2382 2573 eet

169 2610 298 2648 omnis
323 2609 502 2650 actionis.
557 2611 691 2663 Atque
718 2611 798 2651 tale
826 2611 983 2664 quidem
1010 2614 1245 2666 principium
1272 2612 1390 2651 homo
1419 2617 1490 2651 est.

124 2666 132 2672 “
352 2682 433 2724 Sed
458 2687 571 2734 ratio,
599 2700 716 2738 quam
743 2688 912 2727 termino
939 2689 1077 2727 maiori
1105 2702 1193 2728 cum
1218 2689 1385 2728 termino
1410 2687 1566 2727 minore
1586 2685 1832 2727 intercedere
1852 2685 2026 2726 voluerit
2042 2680 2292 2731 Aristoteles,
2319 2695 2382 2721 ao-

170 2759 343 2799 curatius
371 2758 613 2813 exploranda
640 2764 728 2803 erit.
781 2762 843 2802 Ac
867 2764 1035 2816 primum
1062 2762 1218 2816 quidem
1245 2760 1345 2803 illud
1373 2768 1552 2816 apertum
1579 2771 1658 2813 est,
1692 2768 1904 2803 extremum
1930 2760 2126 2801 bonorum
2153 2770 2202 2799 ex
2228 2757 2381 2798 Aristo-

168 2831 259 2872 telis
286 2837 481 2877 sententia
507 2835 648 2878 stabile
676 2838 860 2892 quiddam
887 2852 986 2880 esse.
1031 2840 1133 2881 Nam
1158 2840 1199 2879 in
1226 2839 1275 2878 iis
1300 2837 1422 2879 rebus
1450 2845 1521 2889 est,
1548 2853 1650 2893 quae
1677 2839 1899 2880 necessario
1922 2841 2015 2876 sunt
2037 2840 2080 2875 et
2095 2840 2263 2889 propter
2279 2845 2381 2886 qun

169 2910 305 2949 cetera
319 2913 544 2954 necessaria
562 2911 757 2956 dicuntur.
803 2916 893 2957 Hoc
917 2916 1042 2971 igitur
1069 2921 1280 2957 extremum
1306 2913 1506 2957 bonorum
1532 2917 1567 2956 si
1593 2929 1677 2957 non
1703 2921 1818 2964 esset,
1844 2912 2004 2954 omnino
2023 2910 2134 2953 nulla
2153 2914 2259 2952 esset
2275 2910 2382 2951 actio

1920 2989 1947 3029 2
