2581 3337
1111 142 1411 184 —16—

147 264 196 308 w*
217 267 268 312 ῥδὲ
293 266 336 305 τί
362 258 416 314 ἦν
441 261 547 303 εἶναι
582 260 656 302 οὐκ
689 263 767 313 έχει
798 257 902 309 ὕλην
934 255 982 299 τὸ
1013 259 1193 313 πρῶτον·
1230 261 1449 314 ἐντελέχεια
1473 258 1565 314 γάρ.
1620 261 1664 301 ἓν
1690 257 1774 315 ἄρα
1798 263 1870 305 καὶ
1895 263 2003 319 λόγω
2029 270 2100 311 xaz
2127 267 2293 324 ἀριθμῷ
2318 263 2367 309 ‘td

147 343 312 398 πρῶτον
336 341 475 388 κινοῦν
502 337 694 386 ἀκίνητον
721 332 789 377 ὅν·
825 337 893 376 καὶ
921 331 968 375 τὸ
995 332 1231 387 κινούμενον
1258 333 1343 389 ἄρα
1369 336 1434 377 ἀεὶ
1460 330 1631 389 συνεχῶς
1658 337 1701 376 ἓν
1726 336 1876 388 μόνον·
1904 337 1961 388 εἷς
1987 340 2069 398 ἄρα
2097 341 2267 401 οὐρανὸς
2292 340 2368 398 μό..

146 433 230 468 νος.
276 417 542 471 ,Perspicuum
570 419 648 463 est,
684 411 940 454 Aristotelem
977 411 1188 453 ostendere
1214 412 1408 463 voluisse,
1443 427 1565 453 unum
1593 419 1635 452 et
1660 415 1827 454 notione
1855 423 1896 456 et
1922 431 2088 460 numero
2116 435 2202 461 esse
2228 422 2370 475 princi-

145 497 255 550 pium
281 505 447 535 movens
473 488 695 538 immobile,
725 501 770 529 ex
797 500 945 542 eoque,
979 488 1088 541 quod
1117 496 1156 529 et
1182 489 1351 529 notione
1380 495 1421 530 et
1447 501 1613 529 numero
1641 502 1762 529 unum
1791 499 1913 541 esset,
1943 499 2151 548 consequi,
2179 503 2225 537 ut
2250 510 2369 536 unum

146 576 255 612 esset
281 569 447 616 coelum,
474 566 518 606 id
546 572 617 614 est,
644 577 725 604 una
750 577 883 604 rerum
911 566 1159 605 universitas.
1206 563 1287 604 Sed
1317 578 1395 617 qua
1421 567 1575 605 ratione
1602 563 1644 604 id
1672 563 1937 607 demonstrat?
1981 570 2239 613 Demonstrat
2261 573 2370 612 nimi-

145 662 235 688 rum
263 660 308 686 ex
333 644 488 683 unitate
515 643 704 690 notionis,
733 654 834 694 quae
865 640 1023 694 quidem
1051 642 1228 681 notionis
1256 643 1386 681 unitas
1409 641 1625 694 ἐντελέχεια
1654 647 1725 681 est.
1771 641 1836 681 De
1865 645 1979 684 anim.
2007 646 2054 686 11.
2084 649 2120 688 1.
2148 644 2196 687 τὸ
2223 647 2302 702 γὰρ
2329 648 2371 688 ἓν

147 725 217 764 καὶ
242 718 290 762 τὸ
319 718 424 761 εἶναι
456 720 539 759 ἐπεὶ
574 717 806 769 πλεοναχῶς
840 718 1016 768 λέγεται,
1051 713 1098 757 τὸ
1125 717 1269 770 κυρίως
1297 715 1323 765 ἡ
1353 714 1570 769 ἐντελέχεια
1598 720 1717 758 ἐστιν.
1772 719 1833 757 Ae
1860 723 2046 770 quoniam
2073 723 2171 763 haec
2197 725 2371 764 notionis

148 800 278 840 unitas
306 799 348 837 in
377 794 544 849 singulis
571 793 803 833 substantiis
829 794 992 832 maxime
1020 795 1235 845 conspicua
1258 798 1318 832 est
1343 792 1626 845 Metaph.V11.
1653 795 1689 833 7.
1718 791 1824 840 εἶδος
1851 794 1893 834 δὲ
1921 795 2021 846 λέγω
2050 795 2096 837 τὸ
2124 799 2164 838 τί
2191 792 2242 847 ἦν
2270 797 2372 838 εἶναι

144 871 302 925 ἑκάστῳ
329 873 397 913 καὶ
424 867 499 920 τὴν
526 865 691 923 πρώτην
725 865 871 909 οὐσίαν
907 867 1037 909 adfert
1064 868 1285 917 Socratem,
1320 870 1389 920 qui
1418 874 1458 908 et
1484 870 1652 908 notione
1680 875 1720 908 et
1746 882 1912 908 numero
1941 885 2042 911 unus
2071 880 2141 912 est.
2196 874 2370 926 Metaph.

145 949 232 989 Vll.
263 950 300 988 7.
329 946 351 987 ὁ
379 942 461 998 ἄρα
488 941 719 998 Σωκράτης
745 941 849 983 καθ’
874 941 1017 993 αὑτόν,
1053 940 1174 984 τοῦτό
1210 946 1294 985 ἐστι
1326 941 1374 983 τὸ
1409 944 1450 984 τί
1484 937 1536 993 ἦν
1571 940 1673 984 εἶναι
1700 941 1927 997 Σωκράτει.
1983 945 2131 988 Sensus
2159 950 2281 1002 igitur
2308 949 2372 988 hic

148 1032 228 1066 est:
258 1029 303 1062 ut
328 1022 526 1067 Socrates,
556 1021 734 1071 quamvis
764 1032 810 1058 ex
838 1018 1005 1058 diversis
1033 1019 1212 1073 partibus
1241 1024 1436 1067 constans,
1464 1024 1632 1073 propter
1658 1021 1835 1060 notionis
1863 1021 2052 1062 unitatem
2080 1036 2183 1065 unus
2212 1031 2288 1074 est,
2316 1026 2373 1065 sic

146 1099 329 1147 mundus,
357 1112 403 1137 ex
431 1096 598 1140 diversis
626 1096 806 1149 partibus
837 1102 1034 1144 constans,
1061 1102 1227 1149 propter
1254 1098 1430 1135 notionis
1459 1098 1660 1146 unitatem,
1688 1110 1765 1150 qua
1791 1098 2029 1147 continetur,
2057 1112 2160 1140 unus
2179 1107 2249 1142 est.
2294 1101 2372 1141 Bo-

146 1179 240 1226 nitz,
268 1189 391 1228 quum
417 1186 501 1213 non
528 1171 697 1221 videret,
725 1172 929 1224 quomodo
958 1173 1055 1211 haec
1081 1172 1206 1212 verba
1234 1172 1463 1224 explicanda
1490 1180 1631 1220 essent,
1658 1173 1859 1226 vulgatam
1885 1173 2096 1212 lectionem
2113 1175 2373 1228 depravatam

147 1253 369 1307 suspicatus
398 1254 468 1291 est.
524 1246 607 1289 Sed
635 1249 676 1289 in
705 1261 754 1289 eo
784 1261 937 1289 errasse
964 1247 1135 1298 videtur,
1173 1247 1282 1301 quod
1310 1255 1439 1301 putat,
1475 1249 1729 1289 Aristotelem
1766 1250 1945 1301 exemplo
1973 1249 2171 1290 illustrare
2197 1252 2374 1291 voluisse

146 1329 250 1368 hanc
281 1325 620 1380 propositionem:
656 1320 736 1363 ὅσα
772 1320 944 1377 ἀριθμῷ
978 1320 1129 1372 πολλά,
1163 1320 1264 1372 ὕλην
1302 1324 1394 1376 ἕχειι
1432 1325 1550 1364 immo
1578 1337 1676 1364 vero
1703 1324 1891 1364 mundum
1920 1339 2042 1365 unum
2070 1339 2157 1366 esse
2183 1327 2261 1367 hoc
2286 1326 2375 1367 vult

146 1403 437 1446 demonstrare3
466 1400 509 1439 id
536 1406 582 1440 ut
610 1398 768 1447 efficiat,
794 1398 1056 1453 progreditur
1084 1397 1133 1438 ad
1160 1400 1399 1453 principium
1426 1400 1599 1448 unitatis,
1628 1398 1737 1452 quod
1766 1400 1868 1450 facit,
1897 1406 1943 1440 ut
1966 1400 2187 1441 substantia
2209 1400 2372 1455 singula,

147 1479 315 1518 diversis
350 1475 533 1528 partibus
570 1481 775 1522 constans,
810 1488 892 1512 una
927 1476 978 1513 sit
1013 1472 1083 1524 (τὸ
1111 1476 1152 1513 τί
1178 1468 1230 1523 ἦν
1258 1472 1361 1514 εἶναι
1389 1472 1461 1514 οὐκ
1489 1475 1567 1526 ἔχει
1592 1471 1694 1524 ὕλην
1720 1473 1767 1515 τὸ
1795 1475 1974 1528 πρῶτον·
2012 1476 2230 1529 ἐντελέχεια
2257 1473 2373 1529 γάρ).

146 1556 249 1596 Nam
276 1553 357 1592 hoc
384 1551 539 1591 demum
567 1550 688 1590 modo
718 1550 880 1589 efficere
908 1555 1076 1601 poterat,
1104 1556 1150 1588 ut
1170 1562 1272 1588 unus
1294 1556 1398 1588 esset
1415 1549 1597 1588 mundus.
1644 1549 1690 1587 Id
1718 1552 1751 1589 si
1779 1564 1852 1603 per
1878 1553 2078 1590 materiam
2105 1550 2376 1593 demonstrare

146 1628 353 1676 voluisset,
381 1640 431 1667 ex
449 1631 592 1666 cuncta
610 1627 775 1665 materia
793 1630 975 1665 constare
993 1623 1179 1664 mundum
1199 1625 1448 1673 ostendisset,
1477 1631 1522 1664 ut
1550 1624 1646 1664 dicit
1673 1624 1724 1664 de
1750 1625 1865 1664 coelo
1886 1627 1915 1665 Ι.
1934 1629 1972 1667 9.
2017 1628 2171 1676 Forma,
2200 1626 2376 1680 quando-

148 1703 309 1760 quidem
335 1701 471 1743 multis
501 1703 717 1743 communis
747 1707 816 1751 est,
846 1700 1072 1754 qualitatem
1099 1701 1344 1742 substantiae
1373 1703 1615 1762 compositae
1643 1701 1851 1755 significat,
1879 1716 1963 1743 non
1986 1704 2229 1743 substantiae
2249 1705 2375 1756 ipsius

148 1783 367 1823 notionem.
423 1778 558 1831 Atque
585 1778 684 1818 haec
712 1777 868 1831 quidem
897 1791 1014 1818 causa
1041 1783 1119 1826 est,
1157 1791 1228 1818 cur
1262 1776 1500 1818 Aristoteles
1535 1777 1613 1817 hoc
1645 1776 1738 1817 loco
1775 1781 2013 1831 opposuerit
2045 1775 2092 1819 τὸ
2126 1780 2167 1818 τί
2193 1772 2248 1827 ἦν
2273 1776 2376 1818 εἶναι

147 1858 204 1910 τῷ
222 1855 329 1897 εἴδει.
370 1854 452 1895 Sed
480 1853 577 1907 quid
605 1853 699 1894 inde
728 1855 986 1906 consequitur
1012 1854 1062 1894 ad
1088 1855 1330 1907 ἐντελεχείας
1351 1855 1556 1893 notionem
1579 1854 1917 1894 constituendam?
1956 1855 2110 1908 Nempe
2128 1854 2239 1902 illud,
2267 1853 2377 1906 quod

146 1931 387 1973 Aristoteles
416 1929 467 1970 de
496 1931 612 1969 anim.
641 1929 690 1969 11.
721 1932 757 1969 4.
784 1931 939 1984 posuit,
974 1925 1052 1978 τὴν
1077 1931 1321 1983 ἐντελέχειαν
1349 1942 1436 1969 esse
1463 1930 1657 1970 rationem
1685 1931 1769 1971 sive
1796 1932 2003 1972 notionem
2030 1932 2131 1980 eius,
2167 1928 2278 1984 quod
2304 1943 2376 1983 po-

147 2009 273 2048 tentia
299 2009 362 2046 sit.
417 2007 576 2045 Etenim
605 2012 757 2045 tantum
784 2005 915 2052 abest,
951 2011 996 2043 ut
1030 2007 1064 2043 is
1091 2005 1205 2044 locus
1232 2011 1395 2044 nostrae
1424 2006 1662 2057 ἐντελεχείας
1688 2007 2008 2061 interpretationi
2036 2005 2186 2056 obstet,
2220 2011 2266 2046 ut
2291 2017 2376 2045 eam

147 2081 368 2124 confirmet.
426 2083 529 2123 Nam
558 2088 740 2135 apertum
768 2088 844 2130 est,
881 2081 958 2121 hoc
991 2080 1084 2120 loco
1120 2082 1364 2134 ἐντελεχείας
1394 2083 1554 2120 nomine
1581 2082 1798 2135 significari
1824 2085 2028 2123 notionem
2064 2081 2200 2123 mundi
2227 2095 2273 2121 ex
2298 2094 2378 2121 ma-

148 2160 250 2201 teria
278 2159 508 2212 compositi,
543 2171 628 2199 non
666 2159 872 2199 essentiam
910 2155 974 2197 dei
1008 2156 1058 2197 ab
1093 2159 1200 2197 omni
1237 2158 1417 2211 corporis
1446 2171 1492 2196 ac
1518 2160 1703 2198 materiae
1730 2160 1988 2199 concretione
2014 2165 2262 2214 segregatam
2289 2170 2376 2196 esse

146 2234 421 2290 significatam.
477 2234 590 2275 Nihil
618 2239 749 2274 tamen
774 2231 957 2287 impedit,
986 2234 1197 2285 quominus
1224 2233 1466 2285 ἐντελεχείας
1492 2234 1651 2274 nomine
1677 2233 1896 2284 vinculum,
1924 2248 2007 2288 quo
2034 2236 2221 2276 universa
2244 2245 2377 2274 rerum

145 2317 291 2353 natura
317 2324 407 2352 cnm
435 2309 512 2352 deo
540 2308 729 2364 copulata
756 2316 825 2360 est,
853 2307 1098 2364 designatum
1127 2322 1214 2350 esse
1242 2307 1515 2350 concedamus.
