2581 3337
1114 156 1413 202 *5-

154 285 240 330 οὐκ·
253 282 307 327 ἂν
325 284 394 334 ,dn
418 277 599 334 ,τμητὸν
626 278 717 319 οὐδὲ
732 275 891 327 κινητὸν
914 275 1145 331 ἀνθρώπῳ·
1171 278 1248 318 νῦν
1272 278 1316 317 δὲ
1330 274 1530 317 ,τοιοῦτόν
1555 291 1597 316 τι
1620 276 1839 325 ζητεῖται.“
1885 279 2056 318 Virtutis
2070 281 2203 333 igitur
2228 294 2369 320 norma

155 355 673 410 animemura'virsprnbus
700 360 883 405 est‚.non
907 352 1000 395 idea
1026 359 1222 407 tamquam
1250 352 1449 407 exemplar
1472 354 1693 408 proposita.
1748 353 1835 395 Eth.
1864 354 2019 396 Nicom.
2045 354 2112 397 ΠΙ.
2142 358 2182 397 4.

176 476 179 479 ,
334 436 419 477 {His
437 435 567 476 uitem
593 432 783 484 expositis
809 430 1091 492 hominumque
1116 430 1376 488 opinionibus
1401 429 1452 470 de
1478 431 1563 479 vita
1582 429 1703 470 beata
1723 432 1964 480 examinatis,
1990 444 2101 471 suam
2127 431 2178 472 de
2205 445 2254 472 ea
2279 445 2367 472 sen-

148 511 562 561 ,temiamqnccmatius
589 507 786 561 explicare
813 507 1114 561 aggressusest
1139 506 1388 546 Aristoteles.
1413 522 1416 525 ·
1444 506 1589 558 Atque,
1616 512 1662 545 ut
1687 506 1763 546 sibi
1788 507 1892 546 viam
1916 509 2077 556 muniat,
2113 507 2193 547 duo
2221 521 2366 562 genera

154 590 351 630 bonorum
370 585 575 633 discernit,
602 598 724 624 unum
749 587 910 631 eorum,
928 596 1030 635 quae
1056 596 1132 636 per
1157 596 1201 622 se
1228 596 1275 622 ac
1300 589 1469 636 propter
1495 596 1539 622 se
1566 581 1785 635 expetenda
1810 588 1914 630 sunt,
1940 588 1986 621 ut
2010 584 2151 633 honos,
2179 584 2364 638 voluptas

153 665 365 716 omnisque.
385 664 529 710 virtus,
565 660 731 701 alterum
753 674 914 709 eorum,
951 673 1053 713 quae
1080 658 1182 699 alius
1209 661 1269 699 rei
1297 673 1415 700 causa
1449 666 1691 713 expetamus,
1726 666 1773 700 ut
1807 658 1962 699 divitias
1999 665 2208 714 ceteraque
2243 663 2364 701 virtu-

153 741 203 781 tis
233 740 507 781 instrumenta.
563 735 748 778 Sedsvel
781 749 831 778 ea
861 736 986 787 bona,
1023 748 1125 791 quae
1159 741 1327 791 propter
1360 748 1404 777 se
1439 735 1660 790 expetenda
1693 734 1897 786 videntur,
1930 736 2037 776 vitae
2071 735 2209 778 beatae
2245 750 2364 779 musa

151 819 386 870 expetimus,
421 816 571 867 quippe
590 816 888 862 existimantes,
933 826 1071 853 eorum
1113 813 1258 853 auxilio
1294 826 1369 853 nos
1405 813 1545 853 beatos
1578 813 1683 862 fore,
1725 813 2010 853 beatitudinem
2046 826 2164 853 nemo
2201 816 2362 855 omnino

147 893 253 932 alius
275 894 338 932 :rei
365 903 484 931 cama
511 892 668 943 expetit.
728 890 833 929 Hinc
868 889 1088 938 concludit,
1122 889 1409 930 beatitudinem
1443 889 1593 929 bonum
1626 902 1711 929 esse
1747 889 2091 930 absolutissimum.
2147 890 2236 929 Eth.
2263 890 2292 929 1.
2325 892 2361 930 7.

152 967 304 1016 ταύτην
329 964 640 1018 (εὐδαιμονίαν)
667 964 746 1019 γάρ
766 963 1008 1018 ,αἱρούμεθα
1035 967 1115 1006 αἰεὶ
1140 964 1193 1005 δι’
1216 963 1362 1015 αὐτήν,
1398 967 1468 1006 καὶ
1495 965 1684 1006 οὐδέποτε
1709 965 1761 1005 δι’
1785 962 1907 1005 ἄλλο·
1939 963 2061 1018 τιμὴν
2095 967 2138 1005 δὲ
2169 967 2240 1004 καὶ
2266 963 2362 1013 ἡδο-

152 1042 238 1093 νήν,
263 1044 334 1082 καὶ
359 1044 468 1090 νοῦν,
495 1043 566 1081 καὶ
592 1043 731 1081 πᾶσαν
757 1038 907 1094 ἀρετὴν
932 1039 1165 1093 αἱρούμεθα
1190 1043 1266 1093 μὲν
1286 1044 1361 1082 >καὶ
1387 1041 1439 1081 δι’
1463 1039 1569 1081 αὐτά
1594 1040 1789 1093 (μηδενὸς
1815 1039 1893 1093 γὰρ
1922 1041 2232 1093 ἀποβαίνοντος,
2258 1030 2363 1080 ἑλοί-

151 1118 250 1171 μεθ-’
274 1114 329 1169 ἂν
356 1121 526 1159 ἕκαστον
553 1116 730 1168 αὐτῶν)·
754 1116 993 1170 αἱρούμεθα
1020 1118 1062 1157 δὲ
1089 1119 1158 1158 καὶ
1184 1119 1258 1167 τῆς
1284 1116 1543 1169 εὐδαιμονίας
1565 1115 1701 1171 χάριν,
1729 1116 1800 1157 διὰ
1826 1116 1977 1158 τούτων
2002 1115 2364 1169 ὑπολαμβάνοντες

150 1190 475 1247 εὐδαιμονήσειν·
517 1189 594 1242 τὴν
628 1191 665 1233 δ’
689 1191 951 1245 εὐδαιμονίαν
984 1191 1115 1241 οὐδεὶς
1148 1195 1322 1246 αἱρεῖται
1354 1190 1517 1234 τούτων·
1538 1190 1676 1246 χάριν,
1709 1191 1795 1234 οὐδ’
1819 1190 1922 1240 ὅλως
1956 1191 2007 1233 δι’
2032 1189 2147 1233 ἄλλο.
2202 1194 2292 1233 Hoc
2318 1200 2364 1233 ut

151 1263 373 1310 accuratiu's
399 1270 630 1317 constituat,
659 1268 711 1308 de
738 1281 863 1322 opere
888 1271 971 1309 sive
997 1280 1179 1317 munere,
1215 1267 1327 1320 quod
1351 1268 1501 1308 homini
1528 1275 1667 1309 natura
1692 1268 1884 1308 tributum
1912 1275 1987 1317 est,
2024 1270 2199 1322 exponit.
2255 1268 2363 1307 Inter

149 1346 347 1385 hominem
374 1350 416 1384 et
441 1343 599 1384 beluam
627 1343 707 1384 hoc
731 1345 893 1384 man'me
918 1345 1110 1385 interesse
1137 1345 1207 1394 ait,
1236 1343 1347 1397 quod
1374 1344 1473 1393 haec
1498 1357 1620 1385 sensu
1646 1351 1794 1385 tantum
1821 1350 2026 1384 moveatur
2053 1350 2094 1384 et
2119 1346 2162 1384 in
2189 1356 2363 1397 corpore

151 1421 295 1461 alendo
312 1423 441 1460 'vitam
468 1423 676 1475 transigat,
711 1421 907 1460 hominem
943 1427 1091 1469 autem,
1128 1434 1249 1473 quum
1276 1423 1442 1461 rationis
1469 1423 1522 1461 sit
1547 1424 1760 1475 particeps,
1797 1421 1849 1460 ad
1875 1422 1994 1460 vitam
2020 1422 2166 1460 rationi
2194 1433 2362 1460 consen-

149 1507 304 1540 taneam
330 1511 378 1537 ac
403 1504 689 1551 congruentem
716 1510 804 1537 esse
829 1503 975 1536 natum.
1031 1496 1151 1537 Unde
1178 1500 1445 1550 consequitur,
1478 1503 1525 1538 ut
1550 1499 1714 1538 hominis
1741 1499 1893 1538 bonum
1921 1500 2078 1538 exsistat
2104 1499 2223 1539 animi
2249 1504 2360 1536 actus

150 1576 289 1614 virtuti
324 1579 625 1626 consentaneus.
688 1572 777 1612 Eth,
806 1573 960 1612 Nicom.
987 1573 1018 1613 1.
1046 1574 1084 1613 7.
1140 1575 1174 1613 εὶ
1207 1571 1244 1613 δ’
1277 1570 1400 1622 οὕτω,
1433 1570 1481 1613 τὸ
1517 1571 1780 1627 ἀνθρώπινον
1813 1570 1984 1625 ἀγαθὸν
2016 1573 2150 1629 ψυχῆς
2182 1576 2361 1626 ἐνέργεια

150 1651 303 1700 γίνεται
327 1647 416 1688 κατ’
441 1646 608 1702 ἀρετήν·
636 1651 670 1688 εὶ
697 1649 739 1688 δὲ
765 1649 926 1695 πλείους
953 1650 997 1688 αἱ
1023 1646 1183 1702 ἀρεταί,
1210 1645 1316 1689 κατὰ
1342 1648 1417 1698 τὴν
1444 1647 1616 1702 ἀρίστην
1642 1651 1709 1689 καὶ
1734 1646 1999 1698 τελειοτάτην.
2028 1672 2080 1680 -

336 1726 470 1776 Atque
496 1725 594 1763 haec
618 1724 775 1776 quidem
803 1723 1028 1772 beatitudo,
1064 1737 1166 1777 quae
1192 1725 1270 1764 hoc
1295 1725 1389 1764 loco
1416 1724 1614 1778 descripta
1645 1732 1718 1774 est,
1755 1729 1798 1764 in
1824 1727 1930 1764 vitae
1959 1726 2113 1764 actione
2141 1731 2202 1763 est
2228 1725 2361 1776 posita

151 1814 315 1852 eamque
352 1801 404 1840 ob
441 1814 596 1840 causam
630 1799 826 1853 εὐπραξία
859 1807 1036 1842 vocatur.
1092 1802 1181 1841 Eth.
1210 1802 1364 1842 Nicom.
1392 1801 1422 1841 I.
1450 1802 1489 1841 8.
1544 1800 1725 1852 Συνᾴὸει
1760 1802 1803 1842 δὲ
1834 1802 1891 1852 τῷ
1917 1800 2023 1852 λόγῳ
2048 1802 2117 1840 καὶ
2143 1798 2192 1839 τὸ
2220 1794 2263 1839 εὖ
2291 1800 2361 1851 ζῇν

150 1878 219 1916 καὶ
244 1873 292 1927 τὸ
320 1870 366 1918 εὖ
391 1873 582 1929 πράττειν
608 1873 681 1916 τὸν
707 1874 949 1928 εὐδαίμονα·
986 1874 1131 1929 σχεδὸν
1163 1875 1243 1931 γάρ
1278 1875 1419 1926 εὐζωΐα
1452 1893 1513 1924 τις
1546 1881 1697 1930 εἴρηται
1725 1879 1796 1917 καὶ
1823 1875 2028 1929 εὐπραξία.
2083 1875 2210 1928 Quod
2237 1877 2361 1929 igitur

151 1951 280 1992 voluit
308 1950 561 2000 Aristoteles,
597 1948 643 1991 τὸ
678 1948 859 2004 πρακτὸν
893 1949 1065 2005 ἀγαθὸν
1090 1954 1175 1994 sive
1202 1950 1249 1993 τὸ
1278 1950 1545 2006 ἀνθρώπινον
1572 1950 1739 2005 ἀγαθὸν
1764 1951 2018 2002 adumbrare,
2053 1951 2093 1992 id
2121 1951 2196 1992 hac
2222 1953 2287 1991 via
2314 1964 2361 1991 ac

149 2029 304 2067 ratione
331 2034 534 2068 assecutus
562 2034 632 2087 est.
688 2028 777 2067 Eth.
805 2029 958 2068 Nicom.
985 2029 1015 2068 Ι.
1045 2030 1108 2069 13.
1162 2030 1217 2068 Εἰ
1242 2028 1285 2067 δὲ
1312 2029 1385 2077 τῆς
1410 2029 1617 2078 πολιτικῆς
1642 2030 1751 2068 ἐστὶν
1778 2028 1804 2078 ἡ
1831 2032 1971 2085 σκέψις
1996 2025 2110 2077 αὕτη,
2143 2028 2270 2077 δῆλον
2297 2025 2361 2067 ὅτι

150 2102 296 2154 γένοιτ’
319 2101 372 2144 ἂν
398 2103 424 2153 ἡ
452 2102 615 2153 ζήτησις
639 2101 745 2144 κατὰ
772 2100 846 2152 τὴν
874 2102 916 2152 ἐξ
935 2102 1069 2157 ἀρχῆς
1095 2106 1340 2158 προαίρεσιν.
1396 2106 1504 2157 Περὶ
1538 2103 1683 2158 ἀρετῆς
1716 2105 1760 2145 δὲ
1787 2107 2059 2153 ἐπισκεπτέον,
2094 2102 2362 2156 ἀνθρωπίνης

149 2177 356 2229 δηλονότι·
391 2182 461 2222 καὶ
486 2176 565 2234 γὰρ
593 2176 640 2221 τὸ
668 2177 838 2232 ἀγαθὸν
868 2177 1136 2234 ἀνθρώπινον
1169 2180 1400 2232 ἐζητοῦμεν,
1430 2181 1505 2221 καὶ
1538 2176 1613 2231 τὴν
1648 2179 1910 2235 εὐδαιμονίαν
1942 2179 2223 2234 ἀνθρωπίνην.
2279 2177 2359 2219 Sed

150 2269 200 2301 ex
224 2255 370 2305 verbis,
397 2270 499 2309 quae
526 2256 578 2296 ad
604 2256 886 2298 beatitudinem
914 2255 1176 2297 definiendam
1203 2255 1363 2297 adiecit:
1392 2260 1426 2298 εὶ
1453 2258 1495 2297 δὲ
1521 2258 1682 2305 πλείους
1708 2260 1754 2298 αἱ
1780 2257 1933 2312 ἀρεταί,
1958 2256 2063 2298 κατὰ
2088 2253 2163 2306 τὴν
2190 2255 2360 2309 ἀρίστην

146 2332 220 2372 καὶ
243 2331 508 2382 τελεωτάτην,
534 2332 780 2388 intelligitur,
808 2333 1061 2373 Aristotelem
1089 2346 1173 2372 eam
1200 2332 1395 2373 indicasse
1422 2332 1678 2374 beatitudinis
1697 2334 1980 2383 definitionem,
2009 2346 2126 2386 quam
2146 2332 2220 2372 sub
2238 2331 2357 2371 finem

150 2409 631 2462 Ethicorunproposuit.
684 2411 840 2450 Etenim
869 2423 969 2464 quae
995 2411 1201 2450 interiecta
1234 2417 1345 2459 sunt,
1383 2424 1430 2450 ea
1463 2413 1667 2463 pertinent
1700 2411 1767 2451 vel
1802 2411 1853 2452 ad
1887 2414 2074 2451 virtutem
2101 2410 2263 2450 ethicam
2291 2408 2359 2447 de-

142 2484 398 2525 scribendam*
415 2484 565 2526 velad
592 2499 659 2527 eas
680 2488 804 2530 animi
826 2485 1036 2527 facultates
1056 2484 1363 2535 constituendas,
1390 2499 1494 2538 quae
1511 2488 1555 2527 in
1575 2487 1788 2528 virtutibus
1806 2487 1945 2528 ethicis
1964 2491 2179 2527 versantur.
2222 2483 2358 2537 Quum

142 2568 282 2606 autem
306 2559 473 2611 videret,
498 2561 667 2603 virtutes
696 2563 848 2603 ethicas.
869 2562 922 2602 ad
948 2562 1063 2603 beate
1088 2560 1301 2602 vivendum
1328 2574 1416 2602 esse
1441 2561 1690 2612 infirmiores,
1719 2576 1770 2604 eo
1798 2563 1912 2613 redit,
1939 2562 2046 2604 unde
2062 2574 2234 2602 exorsus
2260 2567 2358 2608 erat,

142 2634 294 2675 altiora
318 2637 500 2677 nimirum
526 2637 694 2680 moliens
726 2653 776 2678 ac
798 2645 995 2691 spectans.
1048 2638 1136 2677 Eth.
1164 2640 1318 2678 Nicom.
1346 2640 1394 2677 X.
1425 2641 1460 2678 7.
1517 2641 1571 2679 Ea
1597 2638 1635 2679 δ’
1654 2640 1766 2679 ἐστὶν
1791 2639 1818 2688 ἡ
1846 2638 2082 2690 εὐδαιμονία
2097 2636 2185 2676 κατ’
2206 2635 2359 2689 ἀρετὴν

149 2711 338 2764 ἐνέργεια,
366 2706 535 2765 εὔλογον
558 2711 664 2755 κατὰ
690 2714 766 2764 τὴν
790 2716 1028 2767 κρατίστην·
1056 2711 1159 2763 αὕτη
1185 2712 1224 2754 δ’
1241 2710 1296 2754 ἂν
1312 2712 1373 2764 εἴη
1391 2714 1466 2755 τοῦ
1483 2713 1665 2770 ἀρίστου.
1703 2714 1772 2755 Ad
1792 2717 1934 2756 mentis
1961 2715 2063 2754 enim
2090 2712 2263 2753 divinam
2291 2726 2356 2752 na·

144 2789 278 2827 turam
309 2785 638 2837 considerandam
670 2804 761 2839 sese
795 2792 994 2832 convertit
1029 2796 1147 2845 atque
1180 2790 1224 2831 in
1257 2791 1343 2831 eius
1379 2788 1472 2832 actii
1498 2790 1725 2833 theoretico
1751 2791 1965 2845 perfectam
1991 2790 2046 2829 ait
2072 2800 2162 2830 esse
2187 2790 2357 2844 positam

144 2860 446 2912 &antudinam
500 2865 589 2906 Eth.
613 2869 770 2916 Isaeum.
797 2869 855 2908 X.·
872 2870 909 2908 7.
947 2867 991 2918 νἡ
1025 2864 1169 2909 τούτου
1202 2869 1381 2922 ἐνέργεια
1414 2867 1522 2909 κατὰ
1550 2864 1627 2919 τὴν
1652 2869 1806 2910 οἰκείαν
1831 2864 1977 2921 ἀρετὴν
2003 2865 2065 2916 εἴη
2092 2862 2146 2907 ἂν
2172 2865 2199 2915 ἡ
2225 2865 2357 2905 ’τελεία

150 2935 405 2990 εὔδαιμονία·
433 2939 499 2983 ὅτι
525 2941 561 2982 δ’
585 2942 927 3000 ἑσήτθειύρηπκὴ
952 2943 1116 2999 εἴρηται.
1171 2945 1218 2984 X.
1245 2945 1283 2984 8.
1340 2940 1435 2986 ὥστ’
1455 2944 1516 2994 εἵη
1544 2941 1598 2985 ἂν
1622 2944 1650 2994 ἡ
1677 2943 1912 2996 εὐδαιμονία
1937 2942 2101 2997 θεωρία
2123 2956 2193 2988 τις.
2240 2942 2357 2981 Mens
