2581 3337
1224 0 1250 15 ἱ.

1164 159 1464 204 -4-

201 281 310 332 iique
329 278 476 320 eruditi
493 284 653 333 praeter
671 292 729 330 ea,
748 292 850 333 quae
869 280 1257 320 commemoravimus
1275 278 1392 329 bona,
1418 278 1537 330 aliud,
1556 278 1667 332 quod
1685 281 1844 333 quidem
1861 299 1934 337 per
1952 299 1994 328 se
2014 286 2268 342 expetendum
2285 287 2413 342 iisque

202 355 398 405 omnibus,
417 369 488 395 cur
506 355 614 395 bona
632 357 720 404 sint,
740 368 859 395 causa
877 357 929 395 sit
946 355 1095 395 bonum
1114 368 1200 396 esse
1220 361 1393 395 censent.
1436 355 1524 396 Eth.
1543 356 1698 397 Nicom.
1717 356 1745 398 Ι.
1770 359 1806 399 4.
1848 359 1981 416 Atque
1998 364 2058 406 his
2076 363 2238 419 quidem,
2257 362 2324 416 qui
2341 374 2414 402 vo-

200 432 391 486 luptatem
409 446 486 485 pro
504 446 654 473 summo
672 432 783 472 bono
801 432 957 480 habent,
983 435 1119 481 missis,
1141 433 1353 484 quaeritur,
1372 445 1466 471 num
1485 433 1526 471 in
1544 432 1710 480 honore,
1730 446 1780 472 an
1798 436 1840 474 in
1855 439 2014 488 virtute,
2033 454 2083 481 an
2101 443 2143 481 in
2161 440 2304 480 divitiis
2323 437 2413 478 bea-

202 506 334 548 titudo
353 509 406 548 sit
421 506 620 561 ponenda.
661 507 709 548 In
727 507 873 548 divitiis
893 507 1176 561 conquirendis
1195 521 1279 547 eam
1297 520 1381 547 non
1401 521 1487 548 esse
1505 509 1674 560 positam
1694 521 1741 547 ex
1764 522 1814 549 eo
1836 518 1954 563 patet,
1979 515 2087 567 quod
2106 516 2274 563 divitiae,
2295 527 2414 566 quum

200 585 281 623 sint
306 585 350 624 in
371 583 489 624 rebus
516 582 699 632 utilibus,
726 596 808 623 non
836 590 930 623 sunt
956 589 1124 637 propter
1151 597 1193 623 se
1221 582 1483 637 expetendae,
1511 583 1641 624 honos
1669 591 1800 625 autem
1829 592 1869 626 et
1895 590 2039 639 virtus,
2066 592 2239 643 quamvis
2272 603 2344 643 per
2372 602 2414 628 se

202 659 433 713 expetenda,
462 665 594 699 tamen
619 672 704 699 non
731 665 900 713 possunt
919 659 1056 699 haberi
1083 671 1158 712 pro
1187 672 1338 699 summo
1366 658 1488 701 bono.
1531 660 1687 701 Etenim
1706 660 1881 703 honores
1901 663 1953 704 ob
1971 667 2155 708 virtutem
2173 665 2414 713 deferuntur,

203 750 251 776 ex
284 749 365 787 quo
403 737 679 789 cognoscitur,
716 738 901 775 virtutem
938 749 1025 775 esse
1052 737 1174 774 maius
1202 735 1387 787 quiddam
1416 736 1580 776 honore.
1636 737 1847 777 Praeterea
1874 739 2002 781 honos
2030 755 2113 783 non
2140 748 2215 783 tam
2241 742 2307 791 iis,
2345 742 2414 794 qui

203 825 250 854 eo
280 810 529 861 afficiuntur,
566 811 718 853 bonum
755 819 829 860 est,
865 826 982 864 quam
1010 814 1075 861 iis,
1104 814 1173 864 qui
1200 826 1290 852 eum
1318 812 1511 853 deferunt.
1567 814 1768 853 Summum
1796 822 1925 855 autem
1955 818 2103 859 bonum
2129 820 2328 872 proprium
2356 824 2416 856 est

200 890 371 929 hominis
399 902 474 928 nec
499 887 652 941 pendet
680 888 729 928 ab
759 887 925 928 aliorum
954 888 1155 929 hominum
1183 888 1359 929 arbitrio.
1417 890 1477 929 Ac
1502 903 1554 929 ne
1581 891 1705 929 virtus
1734 890 1903 942 quidem,
1935 907 2166 947 quamquam
2192 896 2294 933 vitae
2323 894 2414 932 civi-

198 966 249 1006 lis
276 965 369 1026 finis
398 978 484 1005 esse
511 963 692 1015 videtur,
726 965 875 1017 poterit
900 964 1040 1005 haberi
1068 977 1143 1018 pro
1172 978 1322 1005 summo
1351 964 1475 1005 bono.
1529 965 1724 1006 Accidere
1753 968 1857 1010 enim
1887 975 2039 1023 potest,
2073 977 2133 1020 ut,
2170 971 2236 1022 qui
2268 955 2412 1024 virtute

198 1039 371 1094 praediti
404 1046 517 1089 sunt,
552 1046 624 1080 aut
654 1039 755 1080 nihil
789 1040 950 1093 omnino
987 1047 1108 1095 agant
1141 1047 1210 1081 aut
1243 1043 1286 1082 in
1320 1042 1494 1090 maximis
1529 1041 1814 1094 calamitatibus
1849 1051 2069 1086 versentur.
2123 1046 2412 1101 Nemossautem

199 1118 379 1157 homines
406 1119 492 1166 eius
518 1118 681 1171 generis
709 1116 849 1170 beatos
876 1115 1132 1169 praedicabit,
1156 1119 1236 1161 nisi
1265 1119 1338 1171 qui
1360 1116 1475 1158 dictis
1498 1120 1750 1160 contentisve
1778 1124 1956 1175 perstare
1980 1120 2088 1176 yelit.
2128 1121 2231 1162 Nam
2257 1122 2327 1161 etsi
2354 1122 2416 1162 vir

199 1192 353 1246 probus
379 1195 529 1233 virtute
556 1206 629 1233 sua
652 1192 722 1232 :vel
749 1194 790 1243 in
816 1192 937 1244 rebus
964 1191 1140 1233 adversis
1166 1194 1301 1241 utitur,
1328 1192 1468 1234 beatus
1487 1182 1723 1246 tamen.;dici
1737 1205 1826 1249 ¹non
1848 1196 2008 1251 poterit.
2048 1196 2140 1252 Eth.
2153 1196 2310 1253 Νὶοοιιι.
2327 1195 2357 1236 1.
2377 1197 2413 1237 5.

198 1268 286 1310 Pol.
313 1268 402 1308 VII.
431 1269 495 1309 13.
554 1266 770 1321 Χρήσμαιτο
807 1266 844 1307 δ’
874 1265 928 1309 ἂν
958 1267 986 1321 ’.ὁ
1022 1269 1244 1319 σπουδαῖος
1278 1267 1383 1322 ἀνὴρ
1418 1271 1488 1309 καὶ
1520 1259 1639 1321 πενία
1671 1271 1740 1320 καὶ
1768 1266 1877 1325 νόσῳ
1902 1271 1970 1324 καὶ
1997 1277 2087 1318 ταῖς
2109 1251 2255 1329 ’ἄλλαις
2280 1268 2415 1325 τύχαις

199 1350 289 1392 ταῖς
316 1341 494 1399 φαύλως
520 1344 674 1393 καλῶς·
709 1341 815 1384 ἀλλὰ
841 1340 889 1383 τὸ
910 1331 1120 1398 ,μακάριον
1154 1346 1198 1387 ἐν,
1229 1350 1314 1391 τοῖς
1349 1346 1547 1398 &vavi-loce
1573 1346 1710 1398 ἐστίν,
1748 1345 1950 1403 Deinceps
1986 1348 2141 1398 quaerit
2176 1347 2414 1396 Aristoteles,

197 1434 291 1463 num
317 1434 511 1462 summum
538 1419 689 1462 bonum
717 1419 937 1462 universale
966 1419 1152 1474 quiddam
1179 1419 1389 1472 sit„quod
1417 1434 1498 1473 una
1523 1421 1613 1471 idea
1640 1424 1909 1475 contineatur,
1926 1428 1982 1463 „ut
2007 1421 2166 1462 Platoni
2193 1424 2317 1480 visum
2345 1430 2413 1463 est.

195 1499 253 1539 At
277 1497 446 1547 honum,
480 1498 642 1551 inquit„
666 1510 750 1538 non
779 1502 919 1552 [potest
955 1509 1042 1538 esse
1078 1485 1302 1551 universale
1338 1511 1384 1538 ac
1419 1510 1624 1552 commune
1661 1505 1781 1552 atque
1809 1512 1949 1540 unum:
1982 1497 2246 1556 namdicitur
2272 1501 2313 1540 in
2341 1498 2415 1540 Ca-

198 1577 366 1629 tegoriis
391 1587 543 1628 genere
571 1573 751 1614 diversis.
805 1574 1031 1623 Praeterea,
1067 1574 1253 1626 quoniam
1285 1585 1423 1613 eorum
1451 1575 1660 1627 omnium„
1679 1587 1782 1627 quae
1809 1587 1890 1615 una
1915 1572 2006 1613 idea
2034 1575 2302 1623 continentur,
2337 1587 2415 1615 una

197 1650 363 1691 scientia
391 1656 469 1699 est,
504 1649 613 1690 bona
647 1651 780 1699 omnia
813 1663 889 1690 una
913 1650 1081 1689 scientia
1108 1663 1271 1689 necesse
1299 1656 1360 1689 est
1386 1646 1678 1702 comprehendi.
1733 1650 1823 1691 Eth.
1852 1651 2005 1690 Nicom.
2034 1649 2064 1688 1.
2093 1651 2130 1688 6.
2184 1650 2338 1701 »δῆλον
2364 1649 2416 1697 ὡς

198 1724 270 1765 οὐκ
296 1722 349 1765 div
376 1724 436 1775 εἴη
463 1722 604 1768 κοινόν
629 1740 670 1765 τι
696 1722 885 1766 καθόλου
909 1726 981 1778 καὶ
1007 1725 1051 1765 ἓν
1079 1722 1286 1776 τάγαθόν.
1342 1723 1390 1765 οὐ
1415 1723 1494 1778 γὰρ
1522 1721 1575 1766 ἂν
1602 1726 1829 1780 &lento-:ev
1855 1722 2008 1772 πάσαις
2034 1730 2124 1770 ταῖς
2149 1726 2415 1777 κατηγορίαις,

198 1798 287 1840 ἀλλ’
310 1804 355 1841 ἐν
382 1802 459 1853 μιᾷ
485 1798 603 1857 μόνῃ.
644 1797 731 1849 Ἔτι
749 1801 803 1849 δέ,
830 1801 912 1842 ἐπεὶ
940 1800 1019 1841 τῶν
1046 1796 1155 1840 κατὰ
1181 1800 1281 1853 μίαν
1308 1800 1420 1842 ἰδέαν
1447 1801 1523 1855 μία
1550 1798 1856 1853 καὶὲπιστήμη,
1880 1801 1951 1842 καὶ
1979 1800 2057 1842 τῶν
2083 1798 2260 1857 ἀγαθῶν
2286 1798 2415 1841 ἁπάν-

196 1891 277 1916 των
302 1871 356 1926 ἦν
383 1879 459 1928 μία
487 1892 548 1925 τις
575 1873 787 1929 ἐπιστήμη.
833 1878 904 1917 νῦν
931 1874 968 1916 δ’
989 1878 1064 1917 εἰσὶ
1092 1876 1244 1916 πολλαὶ
1270 1877 1339 1917 καὶ
1366 1877 1446 1918 τῶν
1472 1874 1550 1931 ὑπὸ
1576 1878 1678 1931 μίαν
1704 1877 1986 1933 κατηγορίαν.“
2031 1874 2267 1917 Aristoteles
2294 1877 2414 1932 igitur

195 1955 237 1993 in
256 1953 581 1996 Platonicaboni
599 1952 836 1993 definitione
854 1966 970 2005 quam
990 1951 1255 2008 differentiam
1275 1951 1500 1992 desiderare
1527 1952 1703 2006 videtur,
1729 1951 1898 2007 eandem
1926 1950 2165 1992 desideravit
2190 1952 2233 1991 in
2259 1951 2413 2005 virtutis

197 2027 432 2070 definitione
459 2042 484 2069 a
501 2028 670 2071 Platone
697 2030 918 2083 proposita.
961 2028 1047 2070 Pol.
1068 2028 1097 2071 Ι.
1119 2029 1184 2070 13.
1225 2024 1369 2076 ,,Ὥστε
1397 2027 1597 2084 φανερόν,
1625 2026 1688 2068 ὅτι
1714 2026 1979 2083 ἔστινιὴθικὴ
2006 2015 2133 2081 ἀρετὴ
2154 2028 2235 2067 τῶν
2262 2030 2412 2080 εἰρημέ-

196 2118 287 2153 νων,
314 2106 382 2145 καὶ
410 2103 484 2157 οὐχ
512 2103 538 2155 ἡ
567 2104 669 2155 αὐτὴ
697 2103 939 2161 σωφροσύνη
965 2100 1161 2158 γυναικὸςΙ
1182 2104 1252 2144 καὶ
1280 2099 1440 2156 ἅνδρος,
1467 2102 1552 2145 οὐδ’
1572 2102 1719 2160 ἀνδρία
1745 2105 1814 2145 καὶ
1836 2100 2080 2151 δικαιοσύνη,
2107 2099 2298 2156 καθάπερ
2316 2098 2412 2160 ῲέτο

196 2178 437 2232 Σωκράτης,
466 2179 557 2220 ἀλλ’
582 2180 607 2230 ἡ
637 2182 710 2232 μὲν
738 2178 879 2235 ἀρχικὴ
908 2179 1068 2234 ἀνδρία,
1096 2178 1122 2230 ἡ
1152 2178 1188 2220 δ’
1214 2177 1441 2234 ὑπηρετική.
1485 2178 1634 2233 ὁμοίως
1653 2178 1689 2233 δ’
1704 2181 1788 2237 ,ἔχει
1808 2182 1879 2225 καὶ
1904 2179 1996 2235 περὶ
2016 2175 2088 2226 τὰς
2106 2174 2243 2238 ἄλλας.
2287 2178 2413 2229 δῆλον

196 2256 239 2297 δὲ
273 2258 394 2298 τοῦτο
429 2259 498 2298 καὶ
534 2254 640 2298 κατὰ
676 2260 797 2311 μέρος
830 2258 989 2309 μᾶλλον
1026 2256 1334 2298 ἐπισκοποῦσιν·
1377 2254 1565 2297 καθόλου
1591 2254 1670 2310 γὰρ
1699 2259 1737 2297 οἱ
1765 2257 1949 2309 λέγοντες
1975 2255 2226 2304 ἐξαπατῶσιν
2251 2252 2414 2302 ἑαυτοὺς

197 2330 260 2373 ὅτι
293 2330 340 2373 τὸ
377 2327 421 2374 εὖ
456 2334 559 2386 ἔχειν
593 2330 669 2383 τὴν
704 2331 840 2388 ψυχὴν
875 2331 1017 2387 ἀρετή,
1052 2329 1078 2382 ἢ
1114 2330 1161 2372 τὸ
1200 2330 1498 2386 ὀρθοπραγεῖν,
1532 2330 1559 2383 ἤ
1587 2348 1625 2373 τι
1651 2335 1731 2373 τῶν
1757 2330 1969 2374 τοιούτων·
2014 2327 2122 2372 πολὺ
2144 2327 2222 2384 γὰρ
2250 2328 2413 2383 ἄμεινον

196 2410 379 2461 λέγουσιν
408 2412 447 2449 οἱ
475 2408 794 2463 ἐξαριθμοῦντες
820 2406 892 2458 τὰς
920 2407 1085 2465 ἀρετάς,
1113 2406 1247 2460 ὥσπερ
1275 2407 1470 2462 Γοργίας,
1497 2410 1578 2449 τῶν
1606 2406 1733 2456 οὕτως
1760 2407 2036 2464 ὁριζομένων.“
2084 2407 2293 2448 Praeterea
2319 2408 2413 2448 haec

197 2493 256 2524 est
290 2486 518 2525 Aristotelis
554 2488 769 2533 sententia,
805 2483 852 2525 τὸ
886 2483 1075 2525 καθόλου
1105 2498 1183 2538 per
1218 2486 1264 2524 sb
1288 2484 1545 2525 aindefmitum
1581 2496 1667 2524 etse
1694 2498 1770 2524 nec
1795 2498 1917 2538 posse
1944 2499 1967 2524 a
1994 2482 2160 2537 singulis
2187 2482 2412 2524 substantiis

196 2563 365 2615 seiungi.
417 2563 522 2619 Nam
548 2562 627 2613 hoc
652 2575 748 2616 nfflz
760 2568 924 2617 poterat
946 2574 1114 2619 negare,
1143 2574 1336 2617 summum
1363 2560 1509 2611 bonum
1537 2574 1624 2604 esse
1653 2562 1893 2610 unwersale
1905 2558 2107 2621 quiddam,
2136 2557 2283 2602 dixerat
2311 2561 2413 2599 enim

195 2636 307 2678 brevi
333 2643 436 2688 ante,
463 2636 585 2691 finem
613 2637 855 2705 disqiplinae
872 2637 1061 2694 pohticae
1090 2636 1426 2694 comprehendere
1454 2644 1672 2696 ceterarum
1700 2640 1851 2698 artium
1867 2637 1980 2682 fines.
2006 2634 2123 2693 Eth.
2132 2636 2291 2695 §iconi
2310 2636 2366 2692 1.
2364 2638 2410 2693 2.

195 2712 282 2766 Qui
309 2720 455 2763 autem
460 2713 569 2781 fieri
576 2715 722 2768 pessit,
744 2719 797 2757 ut
822 2727 902 2769 una
916 2713 1173 2771 eademque
1172 2706 1338 2758 seientia
1370 2712 1540 2773 teliquas
1568 2714 1752 2773 scientias
1777 2725 1943 2775 genere
1958 2709 2149 2770 diversas
2159 2710 2412 2771 comprehen

194 2788 273 2838 dat,
295 2787 344 2836 id
371 2788 483 2834 libris
510 2789 798 2844 metaphysicis
826 2793 1061 2848 accuratius
1070 2792 1330 2847 οιιΡρείῢμμι
1327 2796 1397 2834 est.
1452 2788 1556 2835 Illud
1584 2778 1693 2850 enim
1703 2791 1960 2851 potissimum
1981 2791 2145 2848 spectat
2157 2786 2409 2848 Aristoteles,

194 2870 239 2905 ut
266 2878 399 2906 rerum
427 2865 710 2908 universalium
738 2867 931 2908 notiones
950 2869 993 2908 in
1021 2868 1126 2908 vitae
1169 2868 1362 2924 humanae
1396 2868 1624 2919 societatem
1657 2866 1848 2908 traducat.
1903 2866 1992 2907 Eth.
2020 2865 2173 2907 Nicom.
2200 2864 2228 2906 1.
2257 2867 2294 2906 6.
2346 2868 2410 2915 „el

194 2939 273 2996 γὰρ
300 2945 369 2983 καὶ
396 2944 505 2996 ἔστιν
532 2946 574 2983 ἓν
601 2957 640 2984 τι
667 2940 715 2984 τὸ
743 2943 856 3000 κοινῇ
881 2941 1235 2999 κατηγοροίμενον
1263 2941 1443 2995 ἀγαθόν,
1469 2939 1498 2993 ἦ
1521 2941 1720 2998 χωριστόν
1746 2960 1784 2986 τι
1814 2940 1916 2987 αὐτὸ
1942 2939 2047 2984 καθ’
2070 2939 2181 2990 αὐτό,
2205 2942 2330 2991 δῆλον
2357 2940 2409 2988 ὡς
