<?xml version="1.0" encoding="UTF-8"?>
<!DOCTYPE html PUBLIC "-//W3C//DTD XHTML 1.0 Transitional//EN"
    "http://www.w3.org/TR/xhtml1/DTD/xhtml1-transitional.dtd">
<html xmlns="http://www.w3.org/1999/xhtml" xml:lang="en" lang="en">
 <head>
  <title>
</title>
<meta http-equiv="Content-Type" content="text/html;charset=utf-8" />
  <meta name='ocr-system' content='tesseract 3.04.00' />
  <meta name='ocr-capabilities' content='ocr_page ocr_carea ocr_par ocr_line ocrx_word'/>
</head>
<body>
  <div class='ocr_page' id='page_1' title='image "4769558_0025.png"; bbox 0 0 2581 3337; ppageno 0'>
   <div class='ocr_carea' id='block_1_1' title="bbox 1168 156 1469 201">
    <p class='ocr_par' dir='ltr' id='par_1_1' title="bbox 1168 156 1469 201">
     <span class='ocr_line' id='line_1_1' title="bbox 1168 156 1469 201; baseline -0.01 -9"><span class='ocrx_word' id='word_1_1' title='bbox 1168 156 1469 201; x_wconf 72' lang='lat'>—15—</span> 
     </span>
    </p>
   </div>
   <div class='ocr_carea' id='block_1_2' title="bbox 1606 0 2581 972">
    <p class='ocr_par' dir='ltr' id='par_1_2' title="bbox 1606 0 2581 972">
     <span class='ocr_line' id='line_1_2' title="bbox 1606 0 2441 393; baseline 0 -154"><span class='ocrx_word' id='word_1_2' title='bbox 1606 0 2441 393; x_wconf 95' lang='lat' dir='ltr'><strong>    </strong></span> 
     </span>
     <span class='ocr_line' id='line_1_3' title="bbox 1969 393 2446 514; baseline 0 0"><span class='ocrx_word' id='word_1_3' title='bbox 1969 393 2446 514; x_wconf 95' lang='lat' dir='ltr'><strong>   </strong></span> 
     </span>
     <span class='ocr_line' id='line_1_4' title="bbox 2038 514 2581 823; baseline 0 0"><span class='ocrx_word' id='word_1_4' title='bbox 2038 514 2581 823; x_wconf 95' lang='lat' dir='ltr'><strong>  </strong></span> 
     </span>
     <span class='ocr_line' id='line_1_5' title="bbox 2257 823 2581 972; baseline 0 0"><span class='ocrx_word' id='word_1_5' title='bbox 2257 823 2581 972; x_wconf 95' lang='lat' dir='ltr'><strong>  </strong></span> 
     </span>
    </p>
   </div>
   <div class='ocr_carea' id='block_1_3' title="bbox 209 250 2055 700">
    <p class='ocr_par' dir='ltr' id='par_1_3' title="bbox 209 250 2055 700">
     <span class='ocr_line' id='line_1_6' title="bbox 209 250 1906 337; baseline -0.015 -2"><span class='ocrx_word' id='word_1_6' title='bbox 209 295 296 335; x_wconf 72' lang='lat'><strong><em>702‘·</em></strong></span> <span class='ocrx_word' id='word_1_7' title='bbox 322 304 377 313; x_wconf 88' lang='grc'><strong>-·</strong></span> <span class='ocrx_word' id='word_1_8' title='bbox 410 281 480 320; x_wconf 64' lang='grc' dir='ltr'><strong>καὶ</strong></span> <span class='ocrx_word' id='word_1_9' title='bbox 507 278 700 320; x_wconf 62' lang='grc' dir='ltr'><strong><em>Μῖδῖνθῦ</em></strong></span> <span class='ocrx_word' id='word_1_10' title='bbox 725 273 829 332; x_wconf 67' lang='grc' dir='ltr'><strong><em>πρὸς</em></strong></span> <span class='ocrx_word' id='word_1_11' title='bbox 852 272 930 326; x_wconf 75' lang='grc' dir='ltr'><strong>τὴν</strong></span> <span class='ocrx_word' id='word_1_12' title='bbox 954 276 1222 329; x_wconf 60' lang='grc' dir='ltr'><strong><em>ἐντελέχειαν.-</em></strong></span> <span class='ocrx_word' id='word_1_13' title='bbox 1238 280 1290 305; x_wconf 84' lang='grc'><strong>-“-</strong></span> <span class='ocrx_word' id='word_1_14' title='bbox 1324 272 1433 316; x_wconf 75' lang='grc' dir='ltr'><strong><em>κατά</em></strong></span> <span class='ocrx_word' id='word_1_15' title='bbox 1456 289 1501 316; x_wconf 77' lang='grc' dir='ltr'><strong>τε</strong></span> <span class='ocrx_word' id='word_1_16' title='bbox 1527 271 1578 326; x_wconf 79' lang='grc' dir='ltr'><strong>δὴ</strong></span> <span class='ocrx_word' id='word_1_17' title='bbox 1604 276 1751 317; x_wconf 84' lang='grc' dir='ltr'><strong><em>τοῦτον</em></strong></span> <span class='ocrx_word' id='word_1_18' title='bbox 1775 291 1816 318; x_wconf 83' lang='grc' dir='ltr'><strong>τ</strong></span> <span class='ocrx_word' id='word_1_19' title='bbox 1841 250 1906 337; x_wconf 32' lang='grc' dir='ltr'><strong>θ’.</strong></span> 
     </span>
     <span class='ocr_line' id='line_1_7' title="bbox 209 344 1979 413; baseline -0.019 -16"><span class='ocrx_word' id='word_1_20' title='bbox 209 370 327 410; x_wconf 83' lang='grc' dir='ltr'><strong><em>τερον</em></strong></span> <span class='ocrx_word' id='word_1_21' title='bbox 352 355 402 409; x_wconf 79' lang='grc' dir='ltr'><strong>τῇ</strong></span> <span class='ocrx_word' id='word_1_22' title='bbox 428 353 551 405; x_wconf 75' lang='grc' dir='ltr'><strong><em>οὐσίᾳ</em></strong></span> <span class='ocrx_word' id='word_1_23' title='bbox 577 355 753 406; x_wconf 86' lang='grc' dir='ltr'><strong><em>ἐνέργεια</em></strong></span> <span class='ocrx_word' id='word_1_24' title='bbox 779 350 997 404; x_wconf 79' lang='grc' dir='ltr'><strong><em>δυνάμεως.</em></strong></span> <span class='ocrx_word' id='word_1_25' title='bbox 1026 370 1078 383; x_wconf 84' lang='lat'><strong>—-</strong></span> <span class='ocrx_word' id='word_1_26' title='bbox 1106 348 1215 391; x_wconf 73' lang='grc' dir='ltr'><strong><em>ἀλλὰ</em></strong></span> <span class='ocrx_word' id='word_1_27' title='bbox 1238 348 1324 404; x_wconf 59' lang='grc' dir='ltr'><strong>μὴν</strong></span> <span class='ocrx_word' id='word_1_28' title='bbox 1347 353 1417 392; x_wconf 60' lang='grc' dir='ltr'><strong>καὶ</strong></span> <span class='ocrx_word' id='word_1_29' title='bbox 1443 354 1707 405; x_wconf 56' lang='grc' dir='ltr'><strong>κηρωτέρως.</strong></span> <span class='ocrx_word' id='word_1_30' title='bbox 1741 347 1805 392; x_wconf 54' lang='grc' dir='ltr'><strong>τὰ.</strong></span> <span class='ocrx_word' id='word_1_31' title='bbox 1827 344 1913 405; x_wconf 50' lang='grc' dir='ltr'><strong>μὲνε</strong></span> <span class='ocrx_word' id='word_1_32' title='bbox 1947 358 1949 360; x_wconf 88' lang='grc'><strong>.</strong></span> <span class='ocrx_word' id='word_1_33' title='bbox 1970 405 1979 413; x_wconf 30' lang='grc' dir='ltr'><em>Γ</em></span> 
     </span>
     <span class='ocr_line' id='line_1_8' title="bbox 210 423 2050 485; baseline -0.005 -12"><span class='ocrx_word' id='word_1_34' title='bbox 210 431 333 483; x_wconf 74' lang='grc' dir='ltr'><strong><em>οὐσίᾳ</em></strong></span> <span class='ocrx_word' id='word_1_35' title='bbox 358 431 441 470; x_wconf 70' lang='grc' dir='ltr'><strong>τῶν</strong></span> <span class='ocrx_word' id='word_1_36' title='bbox 466 429 673 484; x_wconf 77' lang='grc' dir='ltr'><strong><em>φθαρτῶν</em></strong></span> <span class='ocrx_word' id='word_1_37' title='bbox 701 450 752 457; x_wconf 91' lang='grc'>-</span> <span class='ocrx_word' id='word_1_38' title='bbox 781 426 912 467; x_wconf 76' lang='grc' dir='ltr'><strong><em>οὐθὲν</em></strong></span> <span class='ocrx_word' id='word_1_39' title='bbox 938 423 1033 481; x_wconf 80' lang='grc' dir='ltr'><strong>ἄρα</strong></span> <span class='ocrx_word' id='word_1_40' title='bbox 1048 429 1130 468; x_wconf 73' lang='grc' dir='ltr'><strong>τῶν</strong></span> <span class='ocrx_word' id='word_1_41' title='bbox 1156 425 1391 482; x_wconf 73' lang='grc' dir='ltr'><strong>ἀφθάρτων</strong></span> <span class='ocrx_word' id='word_1_42' title='bbox 1416 425 1557 473; x_wconf 69' lang='grc' dir='ltr'><strong><em>ἁπλῶς</em></strong></span> <span class='ocrx_word' id='word_1_43' title='bbox 1582 425 1749 478; x_wconf 78' lang='grc' dir='ltr'><strong><em>δυνάμει</em></strong></span> <span class='ocrx_word' id='word_1_44' title='bbox 1771 430 1886 468; x_wconf 74' lang='grc' dir='ltr'><strong><em>ἐστὶν</em></strong></span> <span class='ocrx_word' id='word_1_45' title='bbox 1912 426 1991 469; x_wconf 63' lang='grc' dir='ltr'><strong>ὂιὲ</strong></span> <span class='ocrx_word' id='word_1_46' title='bbox 2048 483 2050 485; x_wconf 23' lang='grc'>-</span> 
     </span>
     <span class='ocr_line' id='line_1_9' title="bbox 209 495 2055 558; baseline -0.006 -10"><span class='ocrx_word' id='word_1_47' title='bbox 209 506 253 557; x_wconf 83' lang='grc' dir='ltr'><strong><em>ἐξ</em></strong></span> <span class='ocrx_word' id='word_1_48' title='bbox 279 503 460 557; x_wconf 77' lang='grc' dir='ltr'><strong><em>ἀνάγκης</em></strong></span> <span class='ocrx_word' id='word_1_49' title='bbox 486 501 633 558; x_wconf 74' lang='grc' dir='ltr'><strong><em>ὅνῙων,</em></strong></span> <span class='ocrx_word' id='word_1_50' title='bbox 667 504 801 543; x_wconf 84' lang='grc' dir='ltr'><strong><em>καίτοι</em></strong></span> <span class='ocrx_word' id='word_1_51' title='bbox 835 503 966 543; x_wconf 85' lang='grc' dir='ltr'><strong><em>ταῦτα</em></strong></span> <span class='ocrx_word' id='word_1_52' title='bbox 999 503 1162 557; x_wconf 72' lang='grc' dir='ltr'><strong><em>πρῶτα·</em></strong></span> <span class='ocrx_word' id='word_1_53' title='bbox 1197 505 1232 542; x_wconf 82' lang='grc' dir='ltr'><strong>εὶ</strong></span> <span class='ocrx_word' id='word_1_54' title='bbox 1263 500 1343 556; x_wconf 80' lang='grc' dir='ltr'><strong>γάρ</strong></span> <span class='ocrx_word' id='word_1_55' title='bbox 1377 503 1509 543; x_wconf 85' lang='grc' dir='ltr'><strong><em>ταῦτα</em></strong></span> <span class='ocrx_word' id='word_1_56' title='bbox 1534 498 1592 554; x_wconf 84' lang='grc' dir='ltr'><strong>μὴ</strong></span> <span class='ocrx_word' id='word_1_57' title='bbox 1619 496 1688 551; x_wconf 86' lang='grc' dir='ltr'><strong>ἦν,</strong></span> <span class='ocrx_word' id='word_1_58' title='bbox 1724 502 1853 544; x_wconf 77' lang='grc' dir='ltr'><strong><em>οὐθὲν</em></strong></span> <span class='ocrx_word' id='word_1_59' title='bbox 1880 499 1934 544; x_wconf 73' lang='grc' dir='ltr'><strong>ἂν</strong></span> <span class='ocrx_word' id='word_1_60' title='bbox 1959 495 2055 554; x_wconf 53' lang='grc' dir='ltr'><strong>ἦκ’</strong></span> 
     </span>
     <span class='ocr_line' id='line_1_10' title="bbox 209 578 2002 633; baseline -0.01 -9"><span class='ocrx_word' id='word_1_61' title='bbox 209 585 305 632; x_wconf 86' lang='lat' dir='ltr'><strong>sint,</strong></span> <span class='ocrx_word' id='word_1_62' title='bbox 340 587 448 622; x_wconf 86' lang='lat' dir='ltr'><strong>recte</strong></span> <span class='ocrx_word' id='word_1_63' title='bbox 483 580 562 621; x_wconf 86' lang='lat' dir='ltr'><strong>dici</strong></span> <span class='ocrx_word' id='word_1_64' title='bbox 595 581 760 633; x_wconf 87' lang='lat' dir='ltr'><strong>poterit,</strong></span> <span class='ocrx_word' id='word_1_65' title='bbox 795 580 837 619; x_wconf 91' lang='lat' dir='ltr'><strong>in</strong></span> <span class='ocrx_word' id='word_1_66' title='bbox 865 578 943 619; x_wconf 92' lang='lat' dir='ltr'><strong>deo</strong></span> <span class='ocrx_word' id='word_1_67' title='bbox 971 581 1100 620; x_wconf 83' lang='lat' dir='ltr'><strong>omnis</strong></span> <span class='ocrx_word' id='word_1_68' title='bbox 1125 580 1232 619; x_wconf 85' lang='lat' dir='ltr'><strong>vitae</strong></span> <span class='ocrx_word' id='word_1_69' title='bbox 1258 578 1399 619; x_wconf 76' lang='lat' dir='ltr'><strong>beatae</strong></span> <span class='ocrx_word' id='word_1_70' title='bbox 1427 592 1583 620; x_wconf 73' lang='lat' dir='ltr'><strong>causam</strong></span> <span class='ocrx_word' id='word_1_71' title='bbox 1609 580 1740 620; x_wconf 69' lang='lat' dir='ltr'><strong>inesse</strong></span> <span class='ocrx_word' id='word_1_72' title='bbox 1766 594 1812 621; x_wconf 66' lang='lat' dir='ltr'><strong>ac</strong></span> <span class='ocrx_word' id='word_1_73' title='bbox 1839 580 2002 622; x_wconf 48' lang='lat' dir='ltr'><strong>fontem·</strong></span> 
     </span>
     <span class='ocr_line' id='line_1_11' title="bbox 210 658 527 700; baseline -0.013 0"><span class='ocrx_word' id='word_1_74' title='bbox 210 659 299 700; x_wconf 88' lang='lat' dir='ltr'><strong>dem</strong></span> <span class='ocrx_word' id='word_1_75' title='bbox 325 658 527 698; x_wconf 79' lang='lat' dir='ltr'><strong>hactenus.</strong></span> 
     </span>
    </p>
   </div>
   <div class='ocr_carea' id='block_1_4' title="bbox 394 860 2257 935">
    <p class='ocr_par' dir='ltr' id='par_1_4' title="bbox 394 860 2257 935">
     <span class='ocr_line' id='line_1_12' title="bbox 394 860 2257 935; baseline 0.002 -12"><span class='ocrx_word' id='word_1_76' title='bbox 394 885 525 924; x_wconf 89' lang='lat' dir='ltr'><strong>Pauca</strong></span> <span class='ocrx_word' id='word_1_77' title='bbox 552 881 734 923; x_wconf 83' lang='lat' dir='ltr'><strong>addenda</strong></span> <span class='ocrx_word' id='word_1_78' title='bbox 760 881 949 922; x_wconf 89' lang='lat' dir='ltr'><strong>videntur</strong></span> <span class='ocrx_word' id='word_1_79' title='bbox 976 882 1026 922; x_wconf 87' lang='lat' dir='ltr'><strong>de</strong></span> <span class='ocrx_word' id='word_1_80' title='bbox 1053 884 1499 935; x_wconf 66' lang='grc' dir='ltr'><strong><em>ἐντελεχείαςιιοιὶοῃο.</em></strong></span> <span class='ocrx_word' id='word_1_81' title='bbox 1551 860 1601 922; x_wconf 30' lang='lat' dir='ltr'><strong>&#39;In</strong></span> <span class='ocrx_word' id='word_1_82' title='bbox 1629 882 1923 923; x_wconf 83' lang='lat' dir='ltr'><strong>dissertatione:</strong></span> <span class='ocrx_word' id='word_1_83' title='bbox 1954 884 2179 926; x_wconf 81' lang='lat' dir='ltr'><strong>Aristotelis</strong></span> <span class='ocrx_word' id='word_1_84' title='bbox 2206 885 2257 926; x_wconf 84' lang='lat' dir='ltr'><strong>de</strong></span> 
     </span>
    </p>
   </div>
   <div class='ocr_carea' id='block_1_5' title="bbox 209 938 2581 1095">
    <p class='ocr_par' dir='ltr' id='par_1_5' title="bbox 209 938 2581 1095">
     <span class='ocr_line' id='line_1_13' title="bbox 209 938 2573 1017; baseline -0.013 -14"><span class='ocrx_word' id='word_1_85' title='bbox 209 963 345 1017; x_wconf 85' lang='lat' dir='ltr'><strong>gentia</strong></span> <span class='ocrx_word' id='word_1_86' title='bbox 371 962 454 1000; x_wconf 90' lang='lat' dir='ltr'><strong>sive</strong></span> <span class='ocrx_word' id='word_1_87' title='bbox 482 965 613 999; x_wconf 88' lang='lat' dir='ltr'><strong>mente</strong></span> <span class='ocrx_word' id='word_1_88' title='bbox 641 960 847 1008; x_wconf 80' lang='lat' dir='ltr'><strong>sententia,</strong></span> <span class='ocrx_word' id='word_1_89' title='bbox 875 965 1097 999; x_wconf 87' lang='lat' dir='ltr'><strong>monstrare</strong></span> <span class='ocrx_word' id='word_1_90' title='bbox 1126 965 1290 1000; x_wconf 86' lang='lat' dir='ltr'><strong>conatus</strong></span> <span class='ocrx_word' id='word_1_91' title='bbox 1319 972 1405 999; x_wconf 90' lang='lat' dir='ltr'><strong>sum</strong></span> <span class='ocrx_word' id='word_1_92' title='bbox 1433 959 1674 1012; x_wconf 77' lang='grc' dir='ltr'><strong><em>ἐντελεχείας</em></strong></span> <span class='ocrx_word' id='word_1_93' title='bbox 1700 961 1857 1000; x_wconf 83' lang='lat' dir='ltr'><strong>nomine</strong></span> <span class='ocrx_word' id='word_1_94' title='bbox 1893 961 2087 1001; x_wconf 79' lang='lat' dir='ltr'><strong>rationem</strong></span> <span class='ocrx_word' id='word_1_95' title='bbox 2121 974 2256 1003; x_wconf 68' lang='lat' dir='ltr'><strong>m</strong></span> <span class='ocrx_word' id='word_1_96' title='bbox 2283 938 2457 1013; x_wconf 55' lang='lat' dir='ltr'><strong>oe-fflff‘.</strong></span> <span class='ocrx_word' id='word_1_97' title='bbox 2506 939 2511 946; x_wconf 63' lang='lat'><em>²</em></span> <span class='ocrx_word' id='word_1_98' title='bbox 2553 938 2573 972; x_wconf 68' lang='grc' dir='ltr'><strong>ῑῗ</strong></span> 
     </span>
     <span class='ocr_line' id='line_1_14' title="bbox 209 1018 2581 1095; baseline -0.018 -16"><span class='ocrx_word' id='word_1_99' title='bbox 209 1052 311 1091; x_wconf 90' lang='lat' dir='ltr'><strong>quae</strong></span> <span class='ocrx_word' id='word_1_100' title='bbox 338 1040 380 1077; x_wconf 91' lang='lat' dir='ltr'><strong>in</strong></span> <span class='ocrx_word' id='word_1_101' title='bbox 407 1042 519 1076; x_wconf 91' lang='lat' dir='ltr'><strong>motu</strong></span> <span class='ocrx_word' id='word_1_102' title='bbox 544 1041 808 1084; x_wconf 84' lang='lat' dir='ltr'><strong>versarentur,</strong></span> <span class='ocrx_word' id='word_1_103' title='bbox 837 1049 971 1076; x_wconf 89' lang='lat' dir='ltr'><strong>earum</strong></span> <span class='ocrx_word' id='word_1_104' title='bbox 999 1042 1129 1076; x_wconf 88' lang='lat' dir='ltr'><strong>autem</strong></span> <span class='ocrx_word' id='word_1_105' title='bbox 1157 1049 1288 1076; x_wconf 89' lang='lat' dir='ltr'><strong>rerum</strong></span> <span class='ocrx_word' id='word_1_106' title='bbox 1315 1037 1521 1083; x_wconf 85' lang='lat' dir='ltr'><strong>rationem,</strong></span> <span class='ocrx_word' id='word_1_107' title='bbox 1549 1035 1695 1088; x_wconf 88' lang='lat' dir='ltr'><strong>quibus</strong></span> <span class='ocrx_word' id='word_1_108' title='bbox 1716 1036 1811 1076; x_wconf 84' lang='lat' dir='ltr'>nihil</span> <span class='ocrx_word' id='word_1_109' title='bbox 1830 1038 2058 1090; x_wconf 89' lang='lat' dir='ltr'><strong>oppositum</strong></span> <span class='ocrx_word' id='word_1_110' title='bbox 2078 1044 2193 1088; x_wconf 70' lang='lat' dir='ltr'><strong>esset,</strong></span> <span class='ocrx_word' id='word_1_111' title='bbox 2225 1040 2433 1093; x_wconf 43' lang='lat' dir='ltr'><strong>ayma„</strong></span> <span class='ocrx_word' id='word_1_112' title='bbox 2503 1038 2506 1043; x_wconf 83' lang='grc'><strong>.</strong></span> <span class='ocrx_word' id='word_1_113' title='bbox 2543 1018 2581 1095; x_wconf 30' lang='grc' dir='ltr'><strong>ἓν</strong></span> 
     </span>
    </p>
   </div>
   <div class='ocr_carea' id='block_1_6' title="bbox 205 1111 2430 2991">
    <p class='ocr_par' dir='ltr' id='par_1_6' title="bbox 205 1111 2430 2991">
     <span class='ocr_line' id='line_1_15' title="bbox 209 1111 2430 1166; baseline 0 -13"><span class='ocrx_word' id='word_1_114' title='bbox 209 1116 369 1153; x_wconf 89' lang='lat' dir='ltr'><strong>nomine</strong></span> <span class='ocrx_word' id='word_1_115' title='bbox 397 1111 623 1166; x_wconf 83' lang='lat' dir='ltr'><strong>significari.</strong></span> <span class='ocrx_word' id='word_1_116' title='bbox 678 1111 956 1165; x_wconf 78' lang='lat' dir='ltr'><strong>Schweglerus</strong></span> <span class='ocrx_word' id='word_1_117' title='bbox 983 1113 1026 1150; x_wconf 91' lang='lat' dir='ltr'><strong>in</strong></span> <span class='ocrx_word' id='word_1_118' title='bbox 1054 1113 1334 1151; x_wconf 85' lang='lat' dir='ltr'><strong>commentario</strong></span> <span class='ocrx_word' id='word_1_119' title='bbox 1362 1112 1483 1151; x_wconf 88' lang='lat' dir='ltr'><strong>Arist.</strong></span> <span class='ocrx_word' id='word_1_120' title='bbox 1511 1112 1686 1164; x_wconf 78' lang='lat' dir='ltr'><strong>Metaph.</strong></span> <span class='ocrx_word' id='word_1_121' title='bbox 1716 1113 1778 1152; x_wconf 89' lang='lat' dir='ltr'><strong>XI.</strong></span> <span class='ocrx_word' id='word_1_122' title='bbox 1807 1115 1835 1152; x_wconf 84' lang='lat'><strong>9</strong></span> <span class='ocrx_word' id='word_1_123' title='bbox 1863 1111 2056 1161; x_wconf 84' lang='lat' dir='ltr'><strong>concedit,</strong></span> <span class='ocrx_word' id='word_1_124' title='bbox 2083 1113 2134 1153; x_wconf 91' lang='lat' dir='ltr'><strong>de</strong></span> <span class='ocrx_word' id='word_1_125' title='bbox 2163 1116 2335 1154; x_wconf 73' lang='lat' dir='ltr'><strong>essentia</strong></span> <span class='ocrx_word' id='word_1_126' title='bbox 2358 1114 2430 1154; x_wconf 65' lang='lat' dir='ltr'><strong>dei</strong></span> 
     </span>
     <span class='ocr_line' id='line_1_16' title="bbox 211 1186 2428 1242; baseline 0 -12"><span class='ocrx_word' id='word_1_127' title='bbox 211 1191 374 1242; x_wconf 86' lang='lat' dir='ltr'><strong>eiusque</strong></span> <span class='ocrx_word' id='word_1_128' title='bbox 403 1193 494 1228; x_wconf 82' lang='lat' dir='ltr'><strong>actu</strong></span> <span class='ocrx_word' id='word_1_129' title='bbox 521 1201 677 1241; x_wconf 80' lang='lat' dir='ltr'>semper</span> <span class='ocrx_word' id='word_1_130' title='bbox 705 1187 789 1227; x_wconf 86' lang='lat' dir='ltr'><strong>fere</strong></span> <span class='ocrx_word' id='word_1_131' title='bbox 817 1186 1007 1228; x_wconf 85' lang='lat' dir='ltr'><strong>adhibere</strong></span> <span class='ocrx_word' id='word_1_132' title='bbox 1035 1186 1289 1228; x_wconf 83' lang='lat' dir='ltr'><strong>Aristotelem</strong></span> <span class='ocrx_word' id='word_1_133' title='bbox 1316 1187 1555 1228; x_wconf 85' lang='lat' dir='ltr'><strong>vocabulum</strong></span> <span class='ocrx_word' id='word_1_134' title='bbox 1592 1190 1782 1240; x_wconf 85' lang='grc' dir='ltr'><strong><em>ἐνέργεια,</em></strong></span> <span class='ocrx_word' id='word_1_135' title='bbox 1818 1194 1860 1228; x_wconf 84' lang='lat' dir='ltr'><strong>at</strong></span> <span class='ocrx_word' id='word_1_136' title='bbox 1888 1201 1935 1228; x_wconf 85' lang='lat' dir='ltr'><strong>ex</strong></span> <span class='ocrx_word' id='word_1_137' title='bbox 1961 1187 2051 1229; x_wconf 87' lang='lat' dir='ltr'><strong>loco</strong></span> <span class='ocrx_word' id='word_1_138' title='bbox 2078 1189 2146 1230; x_wconf 84' lang='lat' dir='ltr'><strong>lx.</strong></span> <span class='ocrx_word' id='word_1_139' title='bbox 2174 1191 2213 1231; x_wconf 88' lang='grc'><strong>3.</strong></span> <span class='ocrx_word' id='word_1_140' title='bbox 2249 1187 2428 1239; x_wconf 71' lang='grc' dir='ltr'><strong><em>ἐλήλυθε</em></strong></span> 
     </span>
     <span class='ocr_line' id='line_1_17' title="bbox 210 1260 2427 1317; baseline 0.001 -13"><span class='ocrx_word' id='word_1_141' title='bbox 210 1264 246 1305; x_wconf 87' lang='grc' dir='ltr'><strong>δ’</strong></span> <span class='ocrx_word' id='word_1_142' title='bbox 270 1263 296 1314; x_wconf 83' lang='grc' dir='ltr'>ἡ</span> <span class='ocrx_word' id='word_1_143' title='bbox 325 1266 501 1317; x_wconf 86' lang='grc' dir='ltr'><strong><em>ἐνέργεια</em></strong></span> <span class='ocrx_word' id='word_1_144' title='bbox 527 1260 726 1315; x_wconf 81' lang='grc' dir='ltr'><strong><em>τοῦνομα,</em></strong></span> <span class='ocrx_word' id='word_1_145' title='bbox 762 1263 788 1313; x_wconf 85' lang='grc' dir='ltr'>ὴ</span> <span class='ocrx_word' id='word_1_146' title='bbox 815 1260 918 1316; x_wconf 84' lang='grc' dir='ltr'><strong><em>πρὸς</em></strong></span> <span class='ocrx_word' id='word_1_147' title='bbox 944 1260 1018 1314; x_wconf 79' lang='grc' dir='ltr'><strong>τὴν</strong></span> <span class='ocrx_word' id='word_1_148' title='bbox 1046 1263 1287 1316; x_wconf 80' lang='grc' dir='ltr'><strong><em>ἐντελέχειαν</em></strong></span> <span class='ocrx_word' id='word_1_149' title='bbox 1314 1265 1586 1316; x_wconf 75' lang='grc' dir='ltr'><strong><em>συντιθεμένη</em></strong></span> <span class='ocrx_word' id='word_1_150' title='bbox 1621 1264 1690 1303; x_wconf 83' lang='grc' dir='ltr'><strong>καὶ</strong></span> <span class='ocrx_word' id='word_1_151' title='bbox 1724 1265 1786 1304; x_wconf 83' lang='grc' dir='ltr'><strong><em>ἐπὶ</em></strong></span> <span class='ocrx_word' id='word_1_152' title='bbox 1815 1260 1868 1303; x_wconf 74' lang='grc' dir='ltr'><strong>τὰ</strong></span> <span class='ocrx_word' id='word_1_153' title='bbox 1896 1260 2020 1313; x_wconf 78' lang='grc' dir='ltr'><strong><em>ἄλλα,</em></strong></span> <span class='ocrx_word' id='word_1_154' title='bbox 2057 1268 2098 1305; x_wconf 87' lang='grc' dir='ltr'><strong><em>ἐκ</em></strong></span> <span class='ocrx_word' id='word_1_155' title='bbox 2125 1265 2206 1305; x_wconf 81' lang='grc' dir='ltr'><strong>τῶν</strong></span> <span class='ocrx_word' id='word_1_156' title='bbox 2230 1262 2427 1315; x_wconf 72' lang='grc' dir='ltr'><strong><em>κινήσεων</em></strong></span> 
     </span>
     <span class='ocr_line' id='line_1_18' title="bbox 208 1336 2427 1394; baseline 0.001 -15"><span class='ocrx_word' id='word_1_157' title='bbox 208 1338 408 1393; x_wconf 79' lang='grc' dir='ltr'><strong><em>μάλιστα·</em></strong></span> <span class='ocrx_word' id='word_1_158' title='bbox 444 1340 554 1380; x_wconf 84' lang='grc' dir='ltr'><strong><em>δοκεῖ</em></strong></span> <span class='ocrx_word' id='word_1_159' title='bbox 579 1336 659 1394; x_wconf 72' lang='grc' dir='ltr'><strong>γὰρ</strong></span> <span class='ocrx_word' id='word_1_160' title='bbox 687 1338 713 1389; x_wconf 85' lang='grc' dir='ltr'><strong><em>ἡ</em></strong></span> <span class='ocrx_word' id='word_1_161' title='bbox 743 1341 920 1393; x_wconf 87' lang='grc' dir='ltr'><strong><em>ἐνέργεια</em></strong></span> <span class='ocrx_word' id='word_1_162' title='bbox 946 1338 1125 1392; x_wconf 82' lang='grc' dir='ltr'><strong><em>μάλιστα</em></strong></span> <span class='ocrx_word' id='word_1_163' title='bbox 1152 1338 1177 1388; x_wconf 82' lang='grc' dir='ltr'>ἡ</span> <span class='ocrx_word' id='word_1_164' title='bbox 1196 1340 1359 1389; x_wconf 47' lang='grc' dir='ltr'><strong><em>’κίνησις</em></strong></span> <span class='ocrx_word' id='word_1_165' title='bbox 1386 1336 1506 1388; x_wconf 79' lang='grc' dir='ltr'><strong><em>εἶναι,</em></strong></span> <span class='ocrx_word' id='word_1_166' title='bbox 1542 1339 1701 1379; x_wconf 89' lang='lat' dir='ltr'><strong>elucere</strong></span> <span class='ocrx_word' id='word_1_167' title='bbox 1727 1342 1798 1389; x_wconf 84' lang='lat' dir='ltr'><strong>ait,</strong></span> <span class='ocrx_word' id='word_1_168' title='bbox 1834 1341 2077 1393; x_wconf 74' lang='grc' dir='ltr'><strong><em>ἐντελέχειαν</em></strong></span> <span class='ocrx_word' id='word_1_169' title='bbox 2108 1341 2211 1380; x_wconf 83' lang='lat' dir='ltr'><strong>hanc</strong></span> <span class='ocrx_word' id='word_1_170' title='bbox 2241 1343 2323 1384; x_wconf 77' lang='lat' dir='ltr'><strong>vim</strong></span> <span class='ocrx_word' id='word_1_171' title='bbox 2358 1341 2427 1381; x_wconf 74' lang='lat' dir='ltr'><strong>lm—</strong></span> 
     </span>
     <span class='ocr_line' id='line_1_19' title="bbox 209 1415 2427 1470; baseline 0 -13"><span class='ocrx_word' id='word_1_172' title='bbox 209 1417 320 1457; x_wconf 85' lang='lat' dir='ltr'><strong>bere:</strong></span> <span class='ocrx_word' id='word_1_173' title='bbox 349 1416 404 1458; x_wconf 78' lang='lat' dir='ltr'><strong>bie</strong></span> <span class='ocrx_word' id='word_1_174' title='bbox 431 1416 630 1458; x_wconf 55' lang='lat' dir='ltr'><strong>&amp;monuit</strong></span> <span class='ocrx_word' id='word_1_175' title='bbox 661 1416 698 1458; x_wconf 79' lang='lat' dir='ltr'><strong>in</strong></span> <span class='ocrx_word' id='word_1_176' title='bbox 724 1416 956 1458; x_wconf 67' lang='lat' dir='ltr'><strong>nollenbetem</strong></span> <span class='ocrx_word' id='word_1_177' title='bbox 982 1415 1120 1465; x_wconf 70' lang='lat' dir='ltr'><strong>§Daseia</strong></span> <span class='ocrx_word' id='word_1_178' title='bbox 1149 1416 1231 1457; x_wconf 72' lang='lat' dir='ltr'><strong>obet</strong></span> <span class='ocrx_word' id='word_1_179' title='bbox 1257 1416 1296 1457; x_wconf 77' lang='lat' dir='ltr'><strong>in</strong></span> <span class='ocrx_word' id='word_1_180' title='bbox 1322 1416 1536 1458; x_wconf 60' lang='lat' dir='ltr'><strong>”cumberct-</strong></span> <span class='ocrx_word' id='word_1_181' title='bbox 1561 1416 1799 1468; x_wconf 51' lang='lat' dir='ltr'><strong>&amp;Bit-niffen.</strong></span> <span class='ocrx_word' id='word_1_182' title='bbox 1854 1415 1963 1455; x_wconf 83' lang='lat' dir='ltr'><strong>Idem</strong></span> <span class='ocrx_word' id='word_1_183' title='bbox 1989 1416 2326 1466; x_wconf 71' lang='lat' dir='ltr'><strong>iudicat-Bonia,</strong></span> <span class='ocrx_word' id='word_1_184' title='bbox 2354 1418 2427 1470; x_wconf 79' lang='lat' dir='ltr'><strong>qui</strong></span> 
     </span>
     <span class='ocr_line' id='line_1_20' title="bbox 210 1490 2426 1546; baseline 0.001 -14"><span class='ocrx_word' id='word_1_185' title='bbox 210 1493 452 1545; x_wconf 78' lang='grc' dir='ltr'><strong><em>ἐντελέχειαν</em></strong></span> <span class='ocrx_word' id='word_1_186' title='bbox 488 1491 706 1545; x_wconf 83' lang='lat' dir='ltr'><strong>perfectum</strong></span> <span class='ocrx_word' id='word_1_187' title='bbox 741 1494 802 1532; x_wconf 85' lang='lat' dir='ltr'><strong>rei</strong></span> <span class='ocrx_word' id='word_1_188' title='bbox 827 1497 972 1532; x_wconf 86' lang='lat' dir='ltr'><strong>statum</strong></span> <span class='ocrx_word' id='word_1_189' title='bbox 999 1493 1290 1545; x_wconf 84' lang='lat' dir='ltr'><strong>interpretatur.</strong></span> <span class='ocrx_word' id='word_1_190' title='bbox 1344 1491 1521 1546; x_wconf 83' lang='lat' dir='ltr'><strong>Metaph.</strong></span> <span class='ocrx_word' id='word_1_191' title='bbox 1551 1491 1614 1532; x_wconf 90' lang='lat' dir='ltr'><strong>Xl.</strong></span> <span class='ocrx_word' id='word_1_192' title='bbox 1642 1493 1680 1533; x_wconf 91' lang='lat'><strong>3.</strong></span> <span class='ocrx_word' id='word_1_193' title='bbox 1734 1490 1927 1545; x_wconf 86' lang='lat' dir='ltr'><strong>Equidem</strong></span> <span class='ocrx_word' id='word_1_194' title='bbox 1955 1493 2013 1532; x_wconf 86' lang='lat' dir='ltr'><strong>sic</strong></span> <span class='ocrx_word' id='word_1_195' title='bbox 2038 1499 2189 1543; x_wconf 88' lang='lat' dir='ltr'><strong>statuo,</strong></span> <span class='ocrx_word' id='word_1_196' title='bbox 2219 1495 2426 1546; x_wconf 76' lang='grc' dir='ltr'><strong><em>ἐνέργειαν</em></strong></span> 
     </span>
     <span class='ocr_line' id='line_1_21' title="bbox 210 1564 2425 1622; baseline 0 -15"><span class='ocrx_word' id='word_1_197' title='bbox 210 1568 404 1621; x_wconf 86' lang='lat' dir='ltr'><strong>duplicem</strong></span> <span class='ocrx_word' id='word_1_198' title='bbox 438 1567 584 1606; x_wconf 86' lang='lat' dir='ltr'><strong>habere</strong></span> <span class='ocrx_word' id='word_1_199' title='bbox 619 1569 698 1606; x_wconf 86' lang='lat' dir='ltr'><strong>vim</strong></span> <span class='ocrx_word' id='word_1_200' title='bbox 733 1580 808 1621; x_wconf 90' lang='lat' dir='ltr'><strong>pro</strong></span> <span class='ocrx_word' id='word_1_201' title='bbox 843 1567 995 1622; x_wconf 88' lang='lat' dir='ltr'><strong>duplici</strong></span> <span class='ocrx_word' id='word_1_202' title='bbox 1027 1570 1183 1606; x_wconf 86' lang='lat' dir='ltr'><strong>ratione</strong></span> <span class='ocrx_word' id='word_1_203' title='bbox 1217 1580 1360 1607; x_wconf 85' lang='lat' dir='ltr'><strong>rerum.</strong></span> <span class='ocrx_word' id='word_1_204' title='bbox 1415 1568 1481 1607; x_wconf 91' lang='lat' dir='ltr'><strong>De</strong></span> <span class='ocrx_word' id='word_1_205' title='bbox 1509 1570 1624 1607; x_wconf 91' lang='lat' dir='ltr'><strong>anim.</strong></span> <span class='ocrx_word' id='word_1_206' title='bbox 1653 1569 1717 1608; x_wconf 88' lang='lat'><strong>111.</strong></span> <span class='ocrx_word' id='word_1_207' title='bbox 1746 1570 1783 1608; x_wconf 85' lang='lat'><strong>7.</strong></span> <span class='ocrx_word' id='word_1_208' title='bbox 1819 1566 1846 1618; x_wconf 84' lang='grc' dir='ltr'><em>ἡ</em></span> <span class='ocrx_word' id='word_1_209' title='bbox 1874 1564 1954 1622; x_wconf 74' lang='grc' dir='ltr'><strong>γὰρ</strong></span> <span class='ocrx_word' id='word_1_210' title='bbox 1979 1570 2134 1618; x_wconf 79' lang='grc' dir='ltr'><strong><em>κίνησις</em></strong></span> <span class='ocrx_word' id='word_1_211' title='bbox 2157 1570 2230 1609; x_wconf 84' lang='grc' dir='ltr'><strong>τοῦ</strong></span> <span class='ocrx_word' id='word_1_212' title='bbox 2254 1567 2425 1615; x_wconf 77' lang='grc' dir='ltr'><strong><em>ἀτελοῦς</em></strong></span> 
     </span>
     <span class='ocr_line' id='line_1_22' title="bbox 209 1638 2423 1696; baseline 0 -13"><span class='ocrx_word' id='word_1_213' title='bbox 209 1646 386 1696; x_wconf 82' lang='grc' dir='ltr'><strong><em>ἐνέργεια</em></strong></span> <span class='ocrx_word' id='word_1_214' title='bbox 413 1638 484 1692; x_wconf 84' lang='grc' dir='ltr'><strong>ἦν,</strong></span> <span class='ocrx_word' id='word_1_215' title='bbox 518 1643 545 1691; x_wconf 82' lang='grc' dir='ltr'>ἡ</span> <span class='ocrx_word' id='word_1_216' title='bbox 574 1645 616 1683; x_wconf 82' lang='grc' dir='ltr'><strong>δὲ</strong></span> <span class='ocrx_word' id='word_1_217' title='bbox 644 1642 781 1690; x_wconf 80' lang='grc' dir='ltr'><strong><em>ἁπλῶς</em></strong></span> <span class='ocrx_word' id='word_1_218' title='bbox 807 1647 984 1696; x_wconf 86' lang='grc' dir='ltr'><strong><em>ἐνέργεια</em></strong></span> <span class='ocrx_word' id='word_1_219' title='bbox 1010 1646 1126 1695; x_wconf 82' lang='grc' dir='ltr'><strong><em>ἑτέρα</em></strong></span> <span class='ocrx_word' id='word_1_220' title='bbox 1153 1642 1179 1692; x_wconf 82' lang='grc' dir='ltr'><strong><em>ἡ</em></strong></span> <span class='ocrx_word' id='word_1_221' title='bbox 1205 1645 1281 1683; x_wconf 85' lang='grc' dir='ltr'><strong>τοῦ</strong></span> <span class='ocrx_word' id='word_1_222' title='bbox 1305 1646 1595 1695; x_wconf 79' lang='grc' dir='ltr'><strong><em>τετελεσμένον.</em></strong></span> <span class='ocrx_word' id='word_1_223' title='bbox 1649 1646 1721 1683; x_wconf 87' lang='lat' dir='ltr'><strong>Est</strong></span> <span class='ocrx_word' id='word_1_224' title='bbox 1753 1647 1856 1683; x_wconf 87' lang='lat' dir='ltr'><strong>enim</strong></span> <span class='ocrx_word' id='word_1_225' title='bbox 1892 1651 2086 1696; x_wconf 71' lang='lat' dir='ltr'><strong>apertam,</strong></span> <span class='ocrx_word' id='word_1_226' title='bbox 2119 1644 2171 1683; x_wconf 88' lang='lat' dir='ltr'><strong>de</strong></span> <span class='ocrx_word' id='word_1_227' title='bbox 2205 1646 2255 1683; x_wconf 73' lang='lat' dir='ltr'><strong>iis</strong></span> <span class='ocrx_word' id='word_1_228' title='bbox 2289 1643 2423 1690; x_wconf 73' lang='lat' dir='ltr'><strong>rebus,</strong></span> 
     </span>
     <span class='ocr_line' id='line_1_23' title="bbox 209 1720 2426 1778; baseline 0 -19"><span class='ocrx_word' id='word_1_229' title='bbox 209 1733 312 1773; x_wconf 87' lang='lat' dir='ltr'><strong>quae</strong></span> <span class='ocrx_word' id='word_1_230' title='bbox 338 1722 379 1759; x_wconf 89' lang='lat' dir='ltr'><strong>in</strong></span> <span class='ocrx_word' id='word_1_231' title='bbox 406 1726 519 1759; x_wconf 88' lang='lat' dir='ltr'><strong>motu</strong></span> <span class='ocrx_word' id='word_1_232' title='bbox 535 1726 756 1768; x_wconf 85' lang='lat' dir='ltr'><strong>versantur,</strong></span> <span class='ocrx_word' id='word_1_233' title='bbox 780 1722 1006 1772; x_wconf 88' lang='lat' dir='ltr'><strong>promiscue</strong></span> <span class='ocrx_word' id='word_1_234' title='bbox 1023 1733 1132 1778; x_wconf 67' lang='lat' dir='ltr'><strong>nunc</strong></span> <span class='ocrx_word' id='word_1_235' title='bbox 1149 1721 1350 1772; x_wconf 76' lang='grc' dir='ltr'><strong><em>ἐνέργειαν</em></strong></span> <span class='ocrx_word' id='word_1_236' title='bbox 1366 1733 1475 1759; x_wconf 89' lang='lat' dir='ltr'><strong>nunc</strong></span> <span class='ocrx_word' id='word_1_237' title='bbox 1495 1721 1736 1773; x_wconf 78' lang='grc' dir='ltr'><strong><em>ἐντελέχειαν</em></strong></span> <span class='ocrx_word' id='word_1_238' title='bbox 1756 1720 1845 1768; x_wconf 77' lang='lat' dir='ltr'><strong>dici,</strong></span> <span class='ocrx_word' id='word_1_239' title='bbox 1873 1734 2104 1772; x_wconf 81' lang='lat' dir='ltr'><strong>quamquam</strong></span> <span class='ocrx_word' id='word_1_240' title='bbox 2122 1721 2165 1759; x_wconf 85' lang='lat' dir='ltr'><strong>in</strong></span> <span class='ocrx_word' id='word_1_241' title='bbox 2180 1721 2426 1771; x_wconf 63' lang='grc' dir='ltr'><strong><em>ἐντελεχείας</em></strong></span> 
     </span>
     <span class='ocr_line' id='line_1_24' title="bbox 208 1794 2426 1850; baseline 0 -15"><span class='ocrx_word' id='word_1_242' title='bbox 208 1796 375 1836; x_wconf 90' lang='lat' dir='ltr'><strong>notione</strong></span> <span class='ocrx_word' id='word_1_243' title='bbox 401 1794 504 1844; x_wconf 86' lang='lat' dir='ltr'><strong>finis,</strong></span> <span class='ocrx_word' id='word_1_244' title='bbox 533 1794 584 1835; x_wconf 88' lang='lat' dir='ltr'><strong>ad</strong></span> <span class='ocrx_word' id='word_1_245' title='bbox 611 1809 727 1848; x_wconf 88' lang='lat' dir='ltr'><strong>quem</strong></span> <span class='ocrx_word' id='word_1_246' title='bbox 755 1795 884 1836; x_wconf 86' lang='lat' dir='ltr'><strong>tendit</strong></span> <span class='ocrx_word' id='word_1_247' title='bbox 909 1797 1052 1844; x_wconf 78' lang='lat' dir='ltr'><strong>motus,</strong></span> <span class='ocrx_word' id='word_1_248' title='bbox 1081 1797 1271 1850; x_wconf 84' lang='lat' dir='ltr'><strong>cogitatio</strong></span> <span class='ocrx_word' id='word_1_249' title='bbox 1299 1796 1413 1844; x_wconf 87' lang='lat' dir='ltr'><strong>inest,</strong></span> <span class='ocrx_word' id='word_1_250' title='bbox 1440 1796 1483 1835; x_wconf 90' lang='lat' dir='ltr'><strong>in</strong></span> <span class='ocrx_word' id='word_1_251' title='bbox 1511 1797 1710 1849; x_wconf 81' lang='grc' dir='ltr'><strong><em>ἐνεργείας</em></strong></span> <span class='ocrx_word' id='word_1_252' title='bbox 1735 1803 1865 1836; x_wconf 84' lang='lat' dir='ltr'><strong>autem</strong></span> <span class='ocrx_word' id='word_1_253' title='bbox 1892 1798 2058 1837; x_wconf 82' lang='lat' dir='ltr'><strong>notione</strong></span> <span class='ocrx_word' id='word_1_254' title='bbox 2083 1795 2183 1836; x_wconf 83' lang='lat' dir='ltr'><strong>nihil</strong></span> <span class='ocrx_word' id='word_1_255' title='bbox 2201 1794 2320 1844; x_wconf 72' lang='lat' dir='ltr'><strong>alind,</strong></span> <span class='ocrx_word' id='word_1_256' title='bbox 2346 1796 2426 1835; x_wconf 83' lang='lat' dir='ltr'><strong>nisi</strong></span> 
     </span>
     <span class='ocr_line' id='line_1_25' title="bbox 208 1871 2425 1925; baseline -0 -13"><span class='ocrx_word' id='word_1_257' title='bbox 208 1879 337 1920; x_wconf 88' lang='lat' dir='ltr'><strong>actus,</strong></span> <span class='ocrx_word' id='word_1_258' title='bbox 374 1873 442 1924; x_wconf 92' lang='lat' dir='ltr'><strong>qui</strong></span> <span class='ocrx_word' id='word_1_259' title='bbox 469 1873 511 1911; x_wconf 87' lang='lat' dir='ltr'><strong>in</strong></span> <span class='ocrx_word' id='word_1_260' title='bbox 537 1878 650 1911; x_wconf 88' lang='lat' dir='ltr'><strong>motu</strong></span> <span class='ocrx_word' id='word_1_261' title='bbox 677 1879 754 1920; x_wconf 85' lang='lat' dir='ltr'><strong>est,</strong></span> <span class='ocrx_word' id='word_1_262' title='bbox 790 1871 1048 1925; x_wconf 77' lang='lat' dir='ltr'><strong>significatio:</strong></span> <span class='ocrx_word' id='word_1_263' title='bbox 1085 1871 1136 1911; x_wconf 92' lang='lat' dir='ltr'><strong>de</strong></span> <span class='ocrx_word' id='word_1_264' title='bbox 1168 1871 1290 1911; x_wconf 85' lang='lat' dir='ltr'><strong>rebus</strong></span> <span class='ocrx_word' id='word_1_265' title='bbox 1326 1878 1457 1912; x_wconf 86' lang='lat' dir='ltr'><strong>autem</strong></span> <span class='ocrx_word' id='word_1_266' title='bbox 1492 1875 1664 1911; x_wconf 83' lang='lat' dir='ltr'><strong>aeternis</strong></span> <span class='ocrx_word' id='word_1_267' title='bbox 1700 1872 1972 1925; x_wconf 77' lang='lat' dir='ltr'><strong>absolutisque</strong></span> <span class='ocrx_word' id='word_1_268' title='bbox 2005 1886 2197 1924; x_wconf 68' lang='lat' dir='ltr'><strong>nusquam</strong></span> <span class='ocrx_word' id='word_1_269' title='bbox 2223 1873 2425 1916; x_wconf 75' lang='lat' dir='ltr'><strong>inveneris</strong></span> 
     </span>
     <span class='ocr_line' id='line_1_26' title="bbox 208 1946 2424 2001; baseline 0 -14"><span class='ocrx_word' id='word_1_270' title='bbox 208 1946 316 2001; x_wconf 90' lang='lat' dir='ltr'><strong>apud</strong></span> <span class='ocrx_word' id='word_1_271' title='bbox 342 1947 596 1987; x_wconf 85' lang='lat' dir='ltr'><strong>Aristotelem</strong></span> <span class='ocrx_word' id='word_1_272' title='bbox 628 1948 869 1999; x_wconf 79' lang='grc' dir='ltr'><strong><em>ἐντελεχείας</em></strong></span> <span class='ocrx_word' id='word_1_273' title='bbox 903 1961 1035 1995; x_wconf 85' lang='lat' dir='ltr'><strong>usum,</strong></span> <span class='ocrx_word' id='word_1_274' title='bbox 1070 1949 1226 1987; x_wconf 85' lang='lat' dir='ltr'><strong>ratione</strong></span> <span class='ocrx_word' id='word_1_275' title='bbox 1252 1948 1338 1987; x_wconf 88' lang='lat' dir='ltr'><strong>sive</strong></span> <span class='ocrx_word' id='word_1_276' title='bbox 1365 1949 1532 1987; x_wconf 90' lang='lat' dir='ltr'><strong>notione</strong></span> <span class='ocrx_word' id='word_1_277' title='bbox 1560 1961 1623 1995; x_wconf 86' lang='lat' dir='ltr'><strong>ea,</strong></span> <span class='ocrx_word' id='word_1_278' title='bbox 1661 1960 1762 1999; x_wconf 89' lang='lat' dir='ltr'><strong>quae</strong></span> <span class='ocrx_word' id='word_1_279' title='bbox 1787 1947 1840 1987; x_wconf 85' lang='lat' dir='ltr'><strong>ad</strong></span> <span class='ocrx_word' id='word_1_280' title='bbox 1866 1948 2016 1988; x_wconf 87' lang='lat' dir='ltr'><strong>motum</strong></span> <span class='ocrx_word' id='word_1_281' title='bbox 2042 1953 2212 2001; x_wconf 82' lang='lat' dir='ltr'><strong>spectat,</strong></span> <span class='ocrx_word' id='word_1_282' title='bbox 2250 1954 2424 2001; x_wconf 61' lang='lat' dir='ltr'><strong>excepta,</strong></span> 
     </span>
     <span class='ocr_line' id='line_1_27' title="bbox 209 2022 2424 2079; baseline 0 -16"><span class='ocrx_word' id='word_1_283' title='bbox 209 2037 310 2077; x_wconf 88' lang='lat' dir='ltr'><strong>quae</strong></span> <span class='ocrx_word' id='word_1_284' title='bbox 337 2023 473 2064; x_wconf 85' lang='lat' dir='ltr'><strong>eadem</strong></span> <span class='ocrx_word' id='word_1_285' title='bbox 500 2025 718 2076; x_wconf 77' lang='grc' dir='ltr'><strong><em>ἐντελέχεια</em></strong></span> <span class='ocrx_word' id='word_1_286' title='bbox 745 2023 898 2064; x_wconf 89' lang='lat' dir='ltr'><strong>dicitur.</strong></span> <span class='ocrx_word' id='word_1_287' title='bbox 952 2024 1156 2079; x_wconf 85' lang='lat' dir='ltr'><strong>Distingui</strong></span> <span class='ocrx_word' id='word_1_288' title='bbox 1184 2030 1314 2063; x_wconf 83' lang='lat' dir='ltr'><strong>autem</strong></span> <span class='ocrx_word' id='word_1_289' title='bbox 1342 2022 1463 2064; x_wconf 86' lang='lat' dir='ltr'><strong>debet</strong></span> <span class='ocrx_word' id='word_1_290' title='bbox 1488 2030 1606 2072; x_wconf 54' lang='lat' dir='ltr'><strong>actus</strong></span> <span class='ocrx_word' id='word_1_291' title='bbox 1635 2025 1703 2076; x_wconf 93' lang='lat' dir='ltr'><strong>qui</strong></span> <span class='ocrx_word' id='word_1_292' title='bbox 1728 2030 1855 2064; x_wconf 78' lang='lat' dir='ltr'><strong>semet</strong></span> <span class='ocrx_word' id='word_1_293' title='bbox 1879 2026 1968 2077; x_wconf 84' lang='lat' dir='ltr'><strong>ipso</strong></span> <span class='ocrx_word' id='word_1_294' title='bbox 1994 2029 2205 2070; x_wconf 76' lang='lat' dir='ltr'><strong>contentus</strong></span> <span class='ocrx_word' id='word_1_295' title='bbox 2233 2030 2313 2073; x_wconf 58' lang='grc' dir='ltr'><strong><em>θεέ,</em></strong></span> <span class='ocrx_word' id='word_1_296' title='bbox 2332 2024 2424 2063; x_wconf 74' lang='lat' dir='ltr'><strong>Eth.</strong></span> 
     </span>
     <span class='ocr_line' id='line_1_28' title="bbox 207 2097 2424 2153; baseline -0.001 -13"><span class='ocrx_word' id='word_1_297' title='bbox 207 2101 361 2141; x_wconf 87' lang='lat' dir='ltr'><strong>Nicom.</strong></span> <span class='ocrx_word' id='word_1_298' title='bbox 389 2100 477 2139; x_wconf 78' lang='lat' dir='ltr'><strong>VII.</strong></span> <span class='ocrx_word' id='word_1_299' title='bbox 508 2102 570 2140; x_wconf 82' lang='lat'><strong>14.</strong></span> <span class='ocrx_word' id='word_1_300' title='bbox 610 2098 658 2140; x_wconf 79' lang='grc' dir='ltr'><strong>οὐ</strong></span> <span class='ocrx_word' id='word_1_301' title='bbox 684 2097 763 2153; x_wconf 75' lang='grc' dir='ltr'><strong>γὰρ</strong></span> <span class='ocrx_word' id='word_1_302' title='bbox 791 2097 922 2152; x_wconf 87' lang='grc' dir='ltr'><strong><em>μόνον</em></strong></span> <span class='ocrx_word' id='word_1_303' title='bbox 946 2098 1136 2149; x_wconf 79' lang='grc' dir='ltr'><strong><em>κινήσεώς</em></strong></span> <span class='ocrx_word' id='word_1_304' title='bbox 1156 2104 1271 2140; x_wconf 41' lang='grc' dir='ltr'><strong><em>’ἐστιν</em></strong></span> <span class='ocrx_word' id='word_1_305' title='bbox 1298 2104 1492 2153; x_wconf 82' lang='grc' dir='ltr'><strong><em>ἐνέργεια,</em></strong></span> <span class='ocrx_word' id='word_1_306' title='bbox 1527 2099 1632 2139; x_wconf 76' lang='grc' dir='ltr'><strong><em>ἄλλα</em></strong></span> <span class='ocrx_word' id='word_1_307' title='bbox 1658 2102 1726 2139; x_wconf 86' lang='grc' dir='ltr'><strong>καὶ</strong></span> <span class='ocrx_word' id='word_1_308' title='bbox 1754 2098 1983 2150; x_wconf 77' lang='grc' dir='ltr'><strong><em>ἀκινησίας,</em></strong></span> <span class='ocrx_word' id='word_1_309' title='bbox 2011 2100 2061 2140; x_wconf 84' lang='lat' dir='ltr'><strong>ab</strong></span> <span class='ocrx_word' id='word_1_310' title='bbox 2080 2100 2233 2149; x_wconf 84' lang='lat' dir='ltr'><strong>altero,</strong></span> <span class='ocrx_word' id='word_1_311' title='bbox 2269 2100 2340 2153; x_wconf 85' lang='lat' dir='ltr'><strong>qui</strong></span> <span class='ocrx_word' id='word_1_312' title='bbox 2367 2097 2424 2138; x_wconf 82' lang='lat' dir='ltr'><strong>ad-</strong></span> 
     </span>
     <span class='ocr_line' id='line_1_29' title="bbox 207 2174 2423 2231; baseline -0.001 -14"><span class='ocrx_word' id='word_1_313' title='bbox 207 2184 358 2217; x_wconf 76' lang='lat' dir='ltr'><strong>motum</strong></span> <span class='ocrx_word' id='word_1_314' title='bbox 385 2184 554 2230; x_wconf 73' lang='lat' dir='ltr'><strong>spectatt</strong></span> <span class='ocrx_word' id='word_1_315' title='bbox 582 2177 776 2217; x_wconf 76' lang='lat' dir='ltr'><strong>nam&#39;boc</strong></span> <span class='ocrx_word' id='word_1_316' title='bbox 801 2176 877 2217; x_wconf 88' lang='lat' dir='ltr'><strong>sibi</strong></span> <span class='ocrx_word' id='word_1_317' title='bbox 904 2176 1049 2217; x_wconf 83' lang='lat' dir='ltr'><strong>volunt</strong></span> <span class='ocrx_word' id='word_1_318' title='bbox 1074 2177 1143 2216; x_wconf 86' lang='lat' dir='ltr'><strong>illa</strong></span> <span class='ocrx_word' id='word_1_319' title='bbox 1169 2177 1292 2217; x_wconf 86' lang='lat' dir='ltr'><strong>verba</strong></span> <span class='ocrx_word' id='word_1_320' title='bbox 1319 2176 1400 2217; x_wconf 89' lang='lat' dir='ltr'><strong>loci</strong></span> <span class='ocrx_word' id='word_1_321' title='bbox 1428 2192 1452 2216; x_wconf 85' lang='lat' dir='ltr'><strong>a</strong></span> <span class='ocrx_word' id='word_1_322' title='bbox 1478 2175 1734 2231; x_wconf 81' lang='lat' dir='ltr'><strong>Schweglero</strong></span> <span class='ocrx_word' id='word_1_323' title='bbox 1761 2177 1872 2217; x_wconf 73' lang='lat' dir='ltr'><strong>allati</strong></span> <span class='ocrx_word' id='word_1_324' title='bbox 1899 2177 1924 2227; x_wconf 84' lang='grc' dir='ltr'><strong><em>ἡ</em></strong></span> <span class='ocrx_word' id='word_1_325' title='bbox 1952 2174 2054 2231; x_wconf 82' lang='grc' dir='ltr'><strong><em>πρὸς</em></strong></span> <span class='ocrx_word' id='word_1_326' title='bbox 2080 2175 2157 2226; x_wconf 79' lang='grc' dir='ltr'><strong>τὴν</strong></span> <span class='ocrx_word' id='word_1_327' title='bbox 2181 2178 2423 2229; x_wconf 70' lang='grc' dir='ltr'><strong><em>ἐντελέχειαν</em></strong></span> 
     </span>
     <span class='ocr_line' id='line_1_30' title="bbox 208 2247 2422 2306; baseline 0 -13"><span class='ocrx_word' id='word_1_328' title='bbox 208 2253 478 2304; x_wconf 78' lang='grc' dir='ltr'><strong><em>συντιθεμένη</em></strong></span> <span class='ocrx_word' id='word_1_329' title='bbox 507 2259 548 2293; x_wconf 84' lang='lat' dir='ltr'><strong>et</strong></span> <span class='ocrx_word' id='word_1_330' title='bbox 573 2253 639 2293; x_wconf 84' lang='lat' dir='ltr'><strong>lx.</strong></span> <span class='ocrx_word' id='word_1_331' title='bbox 670 2254 706 2293; x_wconf 86' lang='grc'><strong>8.</strong></span> <span class='ocrx_word' id='word_1_332' title='bbox 737 2248 809 2293; x_wconf 32' lang='grc' dir='ltr'><strong><em>’διὸ</em></strong></span> <span class='ocrx_word' id='word_1_333' title='bbox 835 2253 905 2292; x_wconf 78' lang='grc' dir='ltr'><strong>καὶ</strong></span> <span class='ocrx_word' id='word_1_334' title='bbox 931 2249 1112 2304; x_wconf 75' lang='grc' dir='ltr'><strong><em>τοῦνομα</em></strong></span> <span class='ocrx_word' id='word_1_335' title='bbox 1139 2255 1316 2306; x_wconf 88' lang='grc' dir='ltr'><strong><em>ἐνέργεια</em></strong></span> <span class='ocrx_word' id='word_1_336' title='bbox 1344 2254 1499 2304; x_wconf 86' lang='grc' dir='ltr'><strong><em>λέγεται</em></strong></span> <span class='ocrx_word' id='word_1_337' title='bbox 1524 2248 1629 2291; x_wconf 79' lang='grc' dir='ltr'><strong><em>κατὰ</em></strong></span> <span class='ocrx_word' id='word_1_338' title='bbox 1657 2249 1703 2293; x_wconf 86' lang='grc' dir='ltr'><strong>τὸ</strong></span> <span class='ocrx_word' id='word_1_339' title='bbox 1733 2253 1876 2306; x_wconf 64' lang='grc' dir='ltr'><strong><em>ἔργον,</em></strong></span> <span class='ocrx_word' id='word_1_340' title='bbox 1902 2255 1972 2294; x_wconf 77' lang='grc' dir='ltr'><strong>καὶ</strong></span> <span class='ocrx_word' id='word_1_341' title='bbox 2003 2254 2197 2294; x_wconf 72' lang='grc' dir='ltr'><strong><em>σωτείνει</em></strong></span> <span class='ocrx_word' id='word_1_342' title='bbox 2214 2249 2320 2305; x_wconf 76' lang='grc' dir='ltr'><strong><em>πρὸς</em></strong></span> <span class='ocrx_word' id='word_1_343' title='bbox 2344 2247 2422 2300; x_wconf 69' lang='grc' dir='ltr'><strong>τὴν</strong></span> 
     </span>
     <span class='ocr_line' id='line_1_31' title="bbox 206 2325 2421 2381; baseline -0 -13"><span class='ocrx_word' id='word_1_344' title='bbox 206 2328 460 2381; x_wconf 86' lang='grc' dir='ltr'><strong><em>ἐντελέχειαν.</em></strong></span> <span class='ocrx_word' id='word_1_345' title='bbox 514 2328 670 2369; x_wconf 87' lang='lat' dir='ltr'><strong>Etenim</strong></span> <span class='ocrx_word' id='word_1_346' title='bbox 696 2341 761 2368; x_wconf 88' lang='lat' dir='ltr'><strong>res</strong></span> <span class='ocrx_word' id='word_1_347' title='bbox 790 2334 989 2375; x_wconf 86' lang='lat' dir='ltr'><strong>aeternae,</strong></span> <span class='ocrx_word' id='word_1_348' title='bbox 1026 2342 1145 2381; x_wconf 90' lang='lat' dir='ltr'><strong>quum</strong></span> <span class='ocrx_word' id='word_1_349' title='bbox 1171 2327 1274 2369; x_wconf 85' lang='lat' dir='ltr'><strong>fines</strong></span> <span class='ocrx_word' id='word_1_350' title='bbox 1297 2342 1433 2368; x_wconf 74' lang='lat' dir='ltr'><strong>earum</strong></span> <span class='ocrx_word' id='word_1_351' title='bbox 1460 2341 1608 2375; x_wconf 85' lang='lat' dir='ltr'><strong>rerum,</strong></span> <span class='ocrx_word' id='word_1_352' title='bbox 1644 2340 1746 2380; x_wconf 85' lang='lat' dir='ltr'><strong>quae</strong></span> <span class='ocrx_word' id='word_1_353' title='bbox 1773 2335 2002 2378; x_wconf 74' lang='lat' dir='ltr'><strong>movemur,</strong></span> <span class='ocrx_word' id='word_1_354' title='bbox 2032 2331 2135 2379; x_wconf 83' lang='lat' dir='ltr'><strong>sint,</strong></span> <span class='ocrx_word' id='word_1_355' title='bbox 2170 2342 2256 2369; x_wconf 77' lang='lat' dir='ltr'><strong>cnm</strong></span> <span class='ocrx_word' id='word_1_356' title='bbox 2280 2325 2421 2367; x_wconf 69' lang='lat' dir='ltr'><strong>iisdem</strong></span> 
     </span>
     <span class='ocr_line' id='line_1_32' title="bbox 208 2400 2420 2462; baseline -0.001 -20"><span class='ocrx_word' id='word_1_357' title='bbox 208 2405 401 2443; x_wconf 86' lang='lat' dir='ltr'><strong>rationem</strong></span> <span class='ocrx_word' id='word_1_358' title='bbox 430 2405 569 2443; x_wconf 89' lang='lat' dir='ltr'><strong>ineunt</strong></span> <span class='ocrx_word' id='word_1_359' title='bbox 596 2410 714 2457; x_wconf 89' lang='lat' dir='ltr'><strong>atque</strong></span> <span class='ocrx_word' id='word_1_360' title='bbox 743 2404 841 2443; x_wconf 87' lang='lat' dir='ltr'><strong>haec</strong></span> <span class='ocrx_word' id='word_1_361' title='bbox 867 2403 1023 2457; x_wconf 90' lang='lat' dir='ltr'><strong>quidem</strong></span> <span class='ocrx_word' id='word_1_362' title='bbox 1049 2405 1150 2443; x_wconf 89' lang='lat' dir='ltr'><strong>ratio</strong></span> <span class='ocrx_word' id='word_1_363' title='bbox 1178 2404 1395 2457; x_wconf 87' lang='grc' dir='ltr'><strong><em>ἐντελέχεια</em></strong></span> <span class='ocrx_word' id='word_1_364' title='bbox 1422 2409 1490 2442; x_wconf 90' lang='lat' dir='ltr'><strong>est.</strong></span> <span class='ocrx_word' id='word_1_365' title='bbox 1546 2402 1610 2462; x_wconf 84' lang='lat' dir='ltr'><strong>De</strong></span> <span class='ocrx_word' id='word_1_366' title='bbox 1638 2405 1753 2443; x_wconf 88' lang='lat' dir='ltr'><strong>anim.</strong></span> <span class='ocrx_word' id='word_1_367' title='bbox 1780 2404 1829 2443; x_wconf 87' lang='lat' dir='ltr'><strong>IL</strong></span> <span class='ocrx_word' id='word_1_368' title='bbox 1858 2405 1895 2445; x_wconf 80' lang='lat'><strong>4.</strong></span> <span class='ocrx_word' id='word_1_369' title='bbox 1930 2406 1988 2445; x_wconf 74' lang='grc' dir='ltr'><strong>ἔτι</strong></span> <span class='ocrx_word' id='word_1_370' title='bbox 2014 2405 2088 2445; x_wconf 90' lang='grc' dir='ltr'><strong>τοῦ</strong></span> <span class='ocrx_word' id='word_1_371' title='bbox 2114 2402 2275 2456; x_wconf 78' lang='grc' dir='ltr'><strong><em>δυνάμει</em></strong></span> <span class='ocrx_word' id='word_1_372' title='bbox 2302 2400 2420 2449; x_wconf 84' lang='grc' dir='ltr'><strong><em>ὄντος</em></strong></span> 
     </span>
     <span class='ocr_line' id='line_1_33' title="bbox 207 2476 2417 2533; baseline -0.001 -16"><span class='ocrx_word' id='word_1_373' title='bbox 207 2476 328 2529; x_wconf 90' lang='grc' dir='ltr'><strong><em>λόγος</em></strong></span> <span class='ocrx_word' id='word_1_374' title='bbox 355 2478 381 2526; x_wconf 87' lang='grc' dir='ltr'>ἡ</span> <span class='ocrx_word' id='word_1_375' title='bbox 409 2481 637 2531; x_wconf 84' lang='grc' dir='ltr'><strong><em>ἐντελέχεια.</em></strong></span> <span class='ocrx_word' id='word_1_376' title='bbox 685 2479 815 2531; x_wconf 80' lang='lat' dir='ltr'><strong>Quam</strong></span> <span class='ocrx_word' id='word_1_377' title='bbox 838 2479 1101 2518; x_wconf 81' lang='lat' dir='ltr'><strong>differentiam</strong></span> <span class='ocrx_word' id='word_1_378' title='bbox 1119 2492 1203 2518; x_wconf 91' lang='lat' dir='ltr'><strong>non</strong></span> <span class='ocrx_word' id='word_1_379' title='bbox 1221 2481 1313 2518; x_wconf 88' lang='lat' dir='ltr'><strong>satis</strong></span> <span class='ocrx_word' id='word_1_380' title='bbox 1335 2478 1545 2517; x_wconf 88' lang='lat' dir='ltr'><strong>attendisse</strong></span> <span class='ocrx_word' id='word_1_381' title='bbox 1567 2478 1754 2518; x_wconf 86' lang='lat' dir='ltr'><strong>videntur</strong></span> <span class='ocrx_word' id='word_1_382' title='bbox 1772 2482 2020 2533; x_wconf 87' lang='lat' dir='ltr'><strong>interpretes,</strong></span> <span class='ocrx_word' id='word_1_383' title='bbox 2049 2482 2117 2532; x_wconf 91' lang='lat' dir='ltr'><strong>qui</strong></span> <span class='ocrx_word' id='word_1_384' title='bbox 2134 2480 2224 2518; x_wconf 89' lang='lat' dir='ltr'><strong>loco</strong></span> <span class='ocrx_word' id='word_1_385' title='bbox 2242 2478 2417 2530; x_wconf 80' lang='lat' dir='ltr'><strong>Metaph.</strong></span> 
     </span>
     <span class='ocr_line' id='line_1_34' title="bbox 207 2550 2418 2609; baseline -0 -17"><span class='ocrx_word' id='word_1_386' title='bbox 207 2554 291 2593; x_wconf 87' lang='lat' dir='ltr'>XII.</span> <span class='ocrx_word' id='word_1_387' title='bbox 321 2556 358 2593; x_wconf 90' lang='lat'><strong>8.</strong></span> <span class='ocrx_word' id='word_1_388' title='bbox 387 2552 434 2593; x_wconf 88' lang='grc' dir='ltr'><strong>τὸ</strong></span> <span class='ocrx_word' id='word_1_389' title='bbox 463 2556 505 2595; x_wconf 84' lang='grc' dir='ltr'><strong><em>δέ</em></strong></span> <span class='ocrx_word' id='word_1_390' title='bbox 531 2557 572 2594; x_wconf 90' lang='grc' dir='ltr'><strong>τί</strong></span> <span class='ocrx_word' id='word_1_391' title='bbox 598 2550 649 2603; x_wconf 82' lang='grc' dir='ltr'><strong>ἦν</strong></span> <span class='ocrx_word' id='word_1_392' title='bbox 677 2554 780 2595; x_wconf 86' lang='grc' dir='ltr'><strong><em>εἶναι</em></strong></span> <span class='ocrx_word' id='word_1_393' title='bbox 807 2554 879 2594; x_wconf 79' lang='grc' dir='ltr'><strong>οὐκ</strong></span> <span class='ocrx_word' id='word_1_394' title='bbox 906 2557 983 2608; x_wconf 78' lang='grc' dir='ltr'><strong><em>ἔχει</em></strong></span> <span class='ocrx_word' id='word_1_395' title='bbox 1008 2552 1109 2604; x_wconf 80' lang='grc' dir='ltr'><strong><em>ὕλην</em></strong></span> <span class='ocrx_word' id='word_1_396' title='bbox 1135 2552 1185 2594; x_wconf 87' lang='grc' dir='ltr'><strong>τὸ</strong></span> <span class='ocrx_word' id='word_1_397' title='bbox 1207 2556 1385 2606; x_wconf 56' lang='grc' dir='ltr'><strong><em>πρᾶτον·</em></strong></span> <span class='ocrx_word' id='word_1_398' title='bbox 1413 2555 1631 2606; x_wconf 86' lang='grc' dir='ltr'><strong><em>ἐντελέχεια</em></strong></span> <span class='ocrx_word' id='word_1_399' title='bbox 1657 2553 1753 2607; x_wconf 82' lang='grc' dir='ltr'><strong><em>γάρ,</em></strong></span> <span class='ocrx_word' id='word_1_400' title='bbox 1781 2557 2022 2609; x_wconf 86' lang='grc' dir='ltr'><strong><em>ἐντελεχείας</em></strong></span> <span class='ocrx_word' id='word_1_401' title='bbox 2048 2557 2204 2595; x_wconf 87' lang='lat' dir='ltr'><strong>nomine</strong></span> <span class='ocrx_word' id='word_1_402' title='bbox 2230 2566 2418 2592; x_wconf 85' lang='lat' dir='ltr'><strong>summam</strong></span> 
     </span>
     <span class='ocr_line' id='line_1_35' title="bbox 206 2629 2418 2684; baseline 0 -14"><span class='ocrx_word' id='word_1_403' title='bbox 206 2631 463 2671; x_wconf 86' lang='lat' dir='ltr'><strong>substantiam</strong></span> <span class='ocrx_word' id='word_1_404' title='bbox 489 2633 573 2670; x_wconf 85' lang='lat' dir='ltr'><strong>sive</strong></span> <span class='ocrx_word' id='word_1_405' title='bbox 593 2631 709 2671; x_wconf 92' lang='lat' dir='ltr'><strong>deum</strong></span> <span class='ocrx_word' id='word_1_406' title='bbox 728 2632 777 2670; x_wconf 89' lang='lat' dir='ltr'><strong>ab</strong></span> <span class='ocrx_word' id='word_1_407' title='bbox 797 2631 1013 2671; x_wconf 88' lang='lat' dir='ltr'><strong>Aristotele</strong></span> <span class='ocrx_word' id='word_1_408' title='bbox 1038 2632 1271 2684; x_wconf 83' lang='lat' dir='ltr'><strong>appellatam</strong></span> <span class='ocrx_word' id='word_1_409' title='bbox 1300 2644 1386 2670; x_wconf 90' lang='lat' dir='ltr'><strong>esse</strong></span> <span class='ocrx_word' id='word_1_410' title='bbox 1413 2630 1668 2671; x_wconf 87' lang='lat' dir='ltr'><strong>arbitrantur.</strong></span> <span class='ocrx_word' id='word_1_411' title='bbox 1715 2631 1848 2683; x_wconf 67' lang='lat' dir='ltr'><strong>mittet,</strong></span> <span class='ocrx_word' id='word_1_412' title='bbox 1874 2632 2072 2684; x_wconf 62' lang='lat' dir='ltr'><strong>&amp;csdflcbte</strong></span> <span class='ocrx_word' id='word_1_413' title='bbox 2099 2633 2157 2672; x_wconf 74' lang='lat' dir='ltr'><strong>bet</strong></span> <span class='ocrx_word' id='word_1_414' title='bbox 2173 2629 2418 2682; x_wconf 53' lang='lat' dir='ltr'><strong>‘philosophie-</strong></span> 
     </span>
     <span class='ocr_line' id='line_1_36' title="bbox 207 2705 2420 2762; baseline -0.003 -10"><span class='ocrx_word' id='word_1_415' title='bbox 207 2705 275 2759; x_wconf 60' lang='grc' dir='ltr'><strong>ΞΕ).</strong></span> <span class='ocrx_word' id='word_1_416' title='bbox 294 2708 332 2749; x_wconf 88' lang='grc'><strong>3.</strong></span> <span class='ocrx_word' id='word_1_417' title='bbox 360 2706 414 2752; x_wconf 60' lang='grc' dir='ltr'><strong>ὃ.</strong></span> <span class='ocrx_word' id='word_1_418' title='bbox 432 2707 526 2748; x_wconf 83' lang='grc'><strong>205.</strong></span> <span class='ocrx_word' id='word_1_419' title='bbox 565 2706 698 2749; x_wconf 86' lang='lat' dir='ltr'><strong>Zeller</strong></span> <span class='ocrx_word' id='word_1_420' title='bbox 724 2707 794 2749; x_wconf 89' lang='lat' dir='ltr'><strong>IV.</strong></span> <span class='ocrx_word' id='word_1_421' title='bbox 823 2709 887 2749; x_wconf 81' lang='lat'><strong>26.</strong></span> <span class='ocrx_word' id='word_1_422' title='bbox 929 2708 1086 2758; x_wconf 87' lang='lat' dir='ltr'><strong>Bonitz,</strong></span> <span class='ocrx_word' id='word_1_423' title='bbox 1115 2707 1332 2750; x_wconf 87' lang='lat' dir='ltr'><strong>Comment.</strong></span> <span class='ocrx_word' id='word_1_424' title='bbox 1361 2705 1422 2747; x_wconf 87' lang='lat' dir='ltr'><strong>ad.</strong></span> <span class='ocrx_word' id='word_1_425' title='bbox 1451 2707 1572 2748; x_wconf 90' lang='lat' dir='ltr'><strong>Arist.</strong></span> <span class='ocrx_word' id='word_1_426' title='bbox 1601 2707 1775 2761; x_wconf 87' lang='lat' dir='ltr'><strong>Metaph.</strong></span> <span class='ocrx_word' id='word_1_427' title='bbox 1805 2724 1844 2762; x_wconf 87' lang='lat' dir='ltr'><strong>p.</strong></span> <span class='ocrx_word' id='word_1_428' title='bbox 1865 2710 1955 2749; x_wconf 84' lang='lat'><strong>512.</strong></span> <span class='ocrx_word' id='word_1_429' title='bbox 2009 2705 2268 2760; x_wconf 79' lang='lat' dir='ltr'><strong>Exploremus</strong></span> <span class='ocrx_word' id='word_1_430' title='bbox 2295 2706 2420 2761; x_wconf 78' lang='lat' dir='ltr'><strong>igitur</strong></span> 
     </span>
     <span class='ocr_line' id='line_1_37' title="bbox 205 2777 2418 2841; baseline 0 -19"><span class='ocrx_word' id='word_1_431' title='bbox 205 2782 339 2824; x_wconf 83' lang='lat' dir='ltr'><strong>locum</strong></span> <span class='ocrx_word' id='word_1_432' title='bbox 366 2782 562 2838; x_wconf 87' lang='lat' dir='ltr'><strong>explicatu</strong></span> <span class='ocrx_word' id='word_1_433' title='bbox 589 2782 864 2825; x_wconf 84' lang='lat' dir='ltr'><strong>difficiliorem.</strong></span> <span class='ocrx_word' id='word_1_434' title='bbox 919 2784 1093 2839; x_wconf 89' lang='lat' dir='ltr'><strong>Metaph.</strong></span> <span class='ocrx_word' id='word_1_435' title='bbox 1122 2783 1207 2825; x_wconf 90' lang='lat' dir='ltr'><strong>XII.</strong></span> <span class='ocrx_word' id='word_1_436' title='bbox 1235 2784 1272 2823; x_wconf 88' lang='grc'><strong>8.</strong></span> <span class='ocrx_word' id='word_1_437' title='bbox 1301 2779 1365 2823; x_wconf 87' lang='grc' dir='ltr'><strong>ὅτι</strong></span> <span class='ocrx_word' id='word_1_438' title='bbox 1391 2782 1434 2824; x_wconf 84' lang='grc' dir='ltr'><strong>δὲ</strong></span> <span class='ocrx_word' id='word_1_439' title='bbox 1462 2779 1518 2838; x_wconf 77' lang='grc' dir='ltr'><strong>εἷς</strong></span> <span class='ocrx_word' id='word_1_440' title='bbox 1546 2782 1728 2839; x_wconf 84' lang='grc' dir='ltr'><strong><em>οὐρανός,</em></strong></span> <span class='ocrx_word' id='word_1_441' title='bbox 1757 2781 1947 2841; x_wconf 85' lang='grc' dir='ltr'><strong><em>φανερόν.</em></strong></span> <span class='ocrx_word' id='word_1_442' title='bbox 1996 2786 2029 2824; x_wconf 83' lang='grc' dir='ltr'><strong>εὶ</strong></span> <span class='ocrx_word' id='word_1_443' title='bbox 2053 2777 2133 2837; x_wconf 78' lang='grc' dir='ltr'><strong>γὰρ</strong></span> <span class='ocrx_word' id='word_1_444' title='bbox 2161 2781 2323 2831; x_wconf 77' lang='grc' dir='ltr'><strong><em>πλείους</em></strong></span> <span class='ocrx_word' id='word_1_445' title='bbox 2349 2779 2418 2822; x_wconf 81' lang='grc' dir='ltr'><strong>οὑ-</strong></span> 
     </span>
     <span class='ocr_line' id='line_1_38' title="bbox 207 2854 2419 2914; baseline -0.001 -15"><span class='ocrx_word' id='word_1_446' title='bbox 207 2862 327 2914; x_wconf 88' lang='grc' dir='ltr'><strong><em>ρανοὶ</em></strong></span> <span class='ocrx_word' id='word_1_447' title='bbox 363 2858 495 2912; x_wconf 82' lang='grc' dir='ltr'><strong><em>ὥσπερ</em></strong></span> <span class='ocrx_word' id='word_1_448' title='bbox 528 2856 763 2912; x_wconf 76' lang='grc' dir='ltr'><strong><em>ἅνθρωποι,</em></strong></span> <span class='ocrx_word' id='word_1_449' title='bbox 799 2861 912 2900; x_wconf 78' lang='grc' dir='ltr'><strong><em>ἐσται</em></strong></span> <span class='ocrx_word' id='word_1_450' title='bbox 938 2859 1031 2900; x_wconf 74' lang='grc' dir='ltr'><strong><em>εἴδει</em></strong></span> <span class='ocrx_word' id='word_1_451' title='bbox 1058 2861 1134 2912; x_wconf 83' lang='grc' dir='ltr'><strong>μία</strong></span> <span class='ocrx_word' id='word_1_452' title='bbox 1160 2858 1186 2908; x_wconf 84' lang='grc' dir='ltr'><strong><em>ἡ</em></strong></span> <span class='ocrx_word' id='word_1_453' title='bbox 1213 2859 1304 2912; x_wconf 85' lang='grc' dir='ltr'><strong><em>περὶ</em></strong></span> <span class='ocrx_word' id='word_1_454' title='bbox 1332 2861 1503 2900; x_wconf 79' lang='grc' dir='ltr'><strong><em>ἕκαστον</em></strong></span> <span class='ocrx_word' id='word_1_455' title='bbox 1531 2858 1656 2912; x_wconf 80' lang='grc' dir='ltr'><strong><em>ἀρχή,</em></strong></span> <span class='ocrx_word' id='word_1_456' title='bbox 1692 2858 1863 2913; x_wconf 78' lang='grc' dir='ltr'><strong><em>ἀριθμῷ</em></strong></span> <span class='ocrx_word' id='word_1_457' title='bbox 1888 2860 1930 2898; x_wconf 83' lang='grc' dir='ltr'><strong><em>δέ</em></strong></span> <span class='ocrx_word' id='word_1_458' title='bbox 1955 2871 1999 2908; x_wconf 90' lang='grc' dir='ltr'><strong>γε</strong></span> <span class='ocrx_word' id='word_1_459' title='bbox 2025 2858 2197 2908; x_wconf 85' lang='grc' dir='ltr'><strong><em>πολλαί,</em></strong></span> <span class='ocrx_word' id='word_1_460' title='bbox 2224 2856 2313 2897; x_wconf 79' lang='grc' dir='ltr'><strong><em>ἀλλ’</em></strong></span> <span class='ocrx_word' id='word_1_461' title='bbox 2337 2854 2419 2897; x_wconf 84' lang='grc' dir='ltr'><strong>ὅσα</strong></span> 
     </span>
     <span class='ocr_line' id='line_1_39' title="bbox 207 2931 2418 2991; baseline -0.001 -16"><span class='ocrx_word' id='word_1_462' title='bbox 207 2934 378 2991; x_wconf 77' lang='grc' dir='ltr'><strong><em>ἀριθμῷ</em></strong></span> <span class='ocrx_word' id='word_1_463' title='bbox 404 2933 548 2984; x_wconf 81' lang='grc' dir='ltr'><strong><em>πολλά,</em></strong></span> <span class='ocrx_word' id='word_1_464' title='bbox 574 2932 675 2983; x_wconf 82' lang='grc' dir='ltr'><strong><em>ὕλην</em></strong></span> <span class='ocrx_word' id='word_1_465' title='bbox 701 2937 795 2988; x_wconf 73' lang='grc' dir='ltr'><strong><em>ἔχει·</em></strong></span> <span class='ocrx_word' id='word_1_466' title='bbox 824 2934 881 2983; x_wconf 83' lang='grc' dir='ltr'><strong>εἷς</strong></span> <span class='ocrx_word' id='word_1_467' title='bbox 906 2933 986 2990; x_wconf 72' lang='grc' dir='ltr'><strong>γὰρ</strong></span> <span class='ocrx_word' id='word_1_468' title='bbox 1013 2933 1133 2987; x_wconf 80' lang='grc' dir='ltr'><strong><em>λόγος</em></strong></span> <span class='ocrx_word' id='word_1_469' title='bbox 1158 2935 1227 2975; x_wconf 88' lang='grc' dir='ltr'><strong>καὶ</strong></span> <span class='ocrx_word' id='word_1_470' title='bbox 1255 2933 1278 2974; x_wconf 88' lang='grc' dir='ltr'><strong><em>ὁ</em></strong></span> <span class='ocrx_word' id='word_1_471' title='bbox 1307 2932 1430 2982; x_wconf 82' lang='grc' dir='ltr'><strong><em>αὐτὸς</em></strong></span> <span class='ocrx_word' id='word_1_472' title='bbox 1456 2937 1627 2984; x_wconf 79' lang='grc' dir='ltr'><strong><em>πολλῶν,</em></strong></span> <span class='ocrx_word' id='word_1_473' title='bbox 1656 2934 1745 2976; x_wconf 84' lang='grc' dir='ltr'><strong><em>οἷον</em></strong></span> <span class='ocrx_word' id='word_1_474' title='bbox 1772 2932 2005 2989; x_wconf 78' lang='grc' dir='ltr'><strong><em>ἀνθρώπου,</em></strong></span> <span class='ocrx_word' id='word_1_475' title='bbox 2032 2931 2267 2987; x_wconf 69' lang='grc' dir='ltr'><strong><em>Σωκράτης·</em></strong></span> <span class='ocrx_word' id='word_1_476' title='bbox 2284 2934 2329 2973; x_wconf 83' lang='grc' dir='ltr'><strong><em>δέ</em></strong></span> <span class='ocrx_word' id='word_1_477' title='bbox 2351 2931 2418 2980; x_wconf 81' lang='grc' dir='ltr'><strong><em>εἷς.</em></strong></span> 
     </span>
    </p>
   </div>
   <div class='ocr_carea' id='block_1_7' title="bbox 2526 972 2581 1040">
    <p class='ocr_par' dir='ltr' id='par_1_7' title="bbox 2526 972 2581 1040">
     <span class='ocr_line' id='line_1_40' title="bbox 2526 972 2581 1040; baseline 0 2297"><span class='ocrx_word' id='word_1_478' title='bbox 2526 972 2581 1040; x_wconf 95' lang='lat' dir='ltr'><strong> </strong></span> 
     </span>
    </p>
   </div>
  </div>
 </body>
</html>
