2581 3337
1161 148 1462 194 —12-

184 269 1009 329 mqub‘ssmmsmelb
1044 271 1277 310 sententiam
1313 268 1364 310 de
1400 268 1566 310 arbitrio
1601 269 1774 312 humano
1811 283 1833 311 a
1867 272 1987 315 nobis
2023 275 2170 315 arctius
2197 276 2426 330 constringi,

97 351 103 356 “
126 363 135 366 <
185 349 297 400 Q
313 347 989 405 manandumzximjkhominem
1017 349 1176 386 virtutis
1203 359 1299 385 suae
1328 347 1535 385 συναίτιον
1562 359 1658 394 esse,
1685 353 1731 386 ut
1757 348 1929 396 materia,
1957 356 2167 403 postquam
2193 350 2356 391 sormam
2383 351 2426 391 in

331 421 349 429 ”
393 424 478 478 ft„
499 420 985 478 ammirationis
1014 429 1085 463 est.
1140 424 1351 463 Praeterea
1381 428 1518 461 autemv
1537 423 1616 461 hoc
1642 429 1771 474 patet,
1802 423 1977 462 indolem
2005 424 2056 462 ad
2073 429 2268 465 .virtutem
2294 426 2427 466 colen-

513 497 685 547 nm
713 511 799 539 esse
827 496 971 538 datam.
1026 496 1138 551 Quid
1165 498 1290 552 igitur
1316 496 1493 539 libertati
1522 497 1692 539 hominis
1719 498 1901 540 relictum
1930 507 2000 549 est,
2028 502 2103 541 nisi
2130 503 2216 552 hoc,
2245 509 2289 542 ut
2314 516 2425 543 mens

559 610 561 612 .
615 577 823 615 nstitutum
852 573 1144 628 apprehendat,
1179 580 1224 613 ut
1258 573 1472 627 prudentia
1507 576 1609 614 viam
1645 573 1836 616 divinitus
1871 578 2152 631 praescriptam
2179 577 2426 633 ingrediatur

16 690 40 700 ,,
67 631 144 676 *9
193 668 248 701 ῃ
267 653 344 696 nihi
366 649 541 701 muniat,
579 659 624 692 ut
658 650 866 690 consilium
903 649 1040 689 indole
1078 650 1127 689 ad
1154 652 1341 689 virtutem
1370 649 1576 690 colendam
1603 649 1793 691 divinitus
1823 651 1914 692 data
1941 659 2049 692 recte
2078 656 2233 693 utatur?
2287 654 2426 695 Potest

194 727 502 784 qvihnzhomo
530 740 604 781 pro
632 726 827 767 arbitratu
854 738 930 766 suo
960 739 1031 766 eos
1059 725 1178 775 fines,
1214 725 1359 779 quibus
1394 728 1475 766 vita
1503 727 1671 766 humana
1700 729 1993 781 circumscripta
2026 737 2102 778 est,
2141 728 2348 769 excedere:
2385 737 2426 768 at

192 803 384 848 ἥρω-Ἠλὶ
412 805 519 843 omni
547 801 713 842 arbitrio
741 803 912 841 humano
941 804 1170 855 superiores
1200 808 1361 841 aeterna
1388 803 1526 856 vigent
1545 804 1790 843 auctoritate
1819 816 1865 843 ac
1891 806 1969 843 vim
1998 819 2107 845 suam
2135 804 2337 844 declarant
2359 803 2426 844 vel

192 878 421 926 cuffibendo
448 878 513 917 vel
541 877 817 917 interimendo.
875 877 1014 929 Quare
1041 877 1245 930 praeclare
1273 877 1528 917 Aristotelesz
1563 878 1651 917 Etb.
1681 878 1835 918 Nicom.
1863 879 1930 919 IX.
1961 882 1996 921 4,
2032 879 2079 920 οὐ
2107 875 2157 929 δὴ
2186 880 2375 934 φαίνεται
2401 877 2424 920 ὁ

192 955 356 1012 φαῦλος
383 952 473 994 οὐδὲ
500 950 604 1007 πρὸς
631 950 778 994 ἑαυτὸν
805 953 972 1008 φιλικῶς
1000 954 1246 1002 διακεῖσθαι,
1275 951 1343 993 διὰ
1369 950 1417 993 τὸ
1444 954 1571 1005 μηδὲν
1597 956 1699 1007 ἔχειν
1733 953 1927 1007 φιλητόν
1956 959 1989 995 εὶ
2018 953 2067 1005 δὴ
2099 953 2145 997 τὸ
2175 954 2298 1002 οὕτως
2324 957 2425 1008 ἔχειν

181 1031 292 1072 ’λίαν
320 1031 429 1070 ἐστὶν
456 1026 623 1078 ἄθλιον,
652 1031 843 1085 φευκτέον
870 1027 947 1078 τὴν
973 1032 1213 1082 μοχθηρίαν
1240 1031 1543 1081 διατεταμένως,
1570 1032 1639 1070 καὶ
1667 1034 1879 1084 πειρατέον
1898 1029 2050 1086 ἐπιευιῆ
2069 1031 2189 1077 εἶναι·
2221 1029 2322 1071 οὕτω
2346 1026 2425 1083 γάρ

194 1108 264 1147 καὶ
287 1102 402 1160 πρὸς
420 1100 547 1145 αὑτὸν
575 1106 743 1159 φιλικῶς
770 1102 821 1144 ἀν
849 1105 948 1158 ἔχοι,
984 1107 1053 1146 καὶ
1089 1108 1233 1159 ἑτέρων
1268 1106 1388 1160 φίλος
1422 1108 1592 1157 γένοιτο.
1623 1128 1673 1136 -
1703 1129 1756 1135 -
1792 1104 1855 1153 οἷς
1890 1107 1932 1147 δὲ
1959 1103 2094 1147 πολλὰ
2122 1109 2190 1148 καὶ
2217 1104 2328 1147 δεινὰ
2355 1109 2426 1146 πέ-

194 1196 383 1234 πρακται,
410 1182 479 1220 καὶ
508 1178 575 1220 διά
603 1178 679 1230 τὴν
706 1182 945 1232 μοχθηρίαν
972 1181 1197 1231 μισοῦνται,
1226 1179 1421 1235 φεύγουσι
1447 1177 1493 1220 τὸ
1523 1181 1604 1234 ζῇν,
1632 1182 1701 1221 καὶ
1729 1180 1970 1233 ἀναιροῦσιν
1996 1180 2175 1230 ἑαυτούς.
2228 1183 2425 1222 Honestas

195 1264 334 1299 contra
363 1263 574 1297 conservat
602 1270 650 1296 ac
676 1263 809 1296 tuetur
837 1257 1006 1295 hominis
1035 1259 1254 1295 essentiam.
1311 1256 1392 1295 Sed
1420 1256 1517 1294 baec
1545 1269 1609 1295 res
1638 1256 1755 1295 altius
1784 1257 2001 1309 repetenda
2030 1264 2103 1297 est.

378 1330 563 1371 Vidimus
593 1333 715 1381 enim,
750 1331 1034 1371 beatitudinem
1071 1330 1293 1372 absolutam
1329 1333 1371 1371 in
1405 1338 1537 1371 mente
1573 1332 1791 1371 theoretica
1821 1346 1907 1371 esse
1935 1335 2121 1385 positam,
2158 1346 2322 1385 eamque
2348 1346 2424 1385 pro

193 1408 277 1449 fine
305 1409 431 1448 omnis
459 1408 732 1462 generationis
760 1407 909 1446 haberi.
965 1407 1175 1446 Praeterea
1210 1405 1398 1455 vidimus,
1435 1410 1578 1447 mentis
1616 1408 1859 1447 theoreticae
1896 1415 2024 1448 actum
2059 1410 2178 1447 vitam
2213 1422 2300 1448 esse
2335 1421 2426 1447 ean·

194 1484 363 1536 demque
391 1483 665 1523 beatissimam.
722 1483 809 1521 Eth.
830 1483 987 1521 Nicom.
1010 1483 1059 1521 X.
1089 1484 1123 1522 7.
1160 1482 1335 1535 Metapb.
1364 1482 1449 1522 XII.
1479 1484 1515 1523 7.
1552 1481 1577 1533 ἡ
1606 1480 1685 1538 γάρ
1714 1484 1788 1523 νοῦ
1815 1484 1992 1535 ἐνέργεια
2020 1481 2111 1533 ζωή.
2159 1482 2283 1536 Quod
2310 1485 2344 1523 si
2370 1484 2425 1522 ita

194 1566 265 1607 est,
291 1572 376 1599 non
405 1559 574 1612 amplius
602 1558 777 1598 dubitari
804 1560 971 1611 poterit,
1001 1559 1096 1609 quin
1123 1561 1264 1597 mentis
1294 1558 1535 1598 theoreticae
1564 1560 1740 1612 ἐνέργεια
1768 1573 1864 1599 vera
1893 1573 1940 1599 ac
1966 1561 2130 1613 propria
2158 1560 2209 1600 sit
2235 1560 2424 1611 cuiusque

194 1635 364 1676 hominis
394 1637 578 1675 essentia.
633 1636 793 1675 Arctius
821 1637 941 1674 vitam
971 1634 1125 1673 beatam
1154 1648 1240 1675 cum
1269 1627 1409 1674 mentis
1440 1637 1610 1675 essentia
1640 1635 1845 1688 copulavit
1872 1635 2066 1684 PlotinuS,
2095 1637 2232 1693 quitin
2259 1636 2318 1674 his
2338 1636 2425 1674 Ari—

195 1711 379 1752 stotelem
407 1717 569 1751 secutus
599 1717 670 1751 est.
727 1711 765 1750 Is
794 1713 894 1750 enim
924 1710 1027 1750 bene
1055 1712 1190 1749 vivere
1219 1716 1259 1749 et
1285 1710 1444 1750 beatum
1474 1724 1559 1750 esse
1589 1725 1708 1751 unum
1738 1719 1858 1765 atque
1887 1712 1991 1752 idem
2021 1725 2108 1752 esse
2136 1713 2200 1759 ait,
2229 1710 2424 1751 diversum

192 1796 326 1827 autem
354 1802 430 1840 pro
460 1787 629 1826 diversis
658 1786 854 1840 gradibus,
886 1786 1029 1838 quibus
1057 1788 1139 1824 vita
1167 1786 1355 1824 ascendat
1382 1786 1431 1825 ad
1459 1788 1577 1824 vitam
1606 1786 1837 1836 absolutam,
1867 1801 1983 1840 quam
2012 1789 2052 1826 in
2080 1793 2211 1826 mente
2239 1799 2325 1826 esse
2352 1798 2424 1840 po·

194 1864 308 1903 sitam
337 1861 443 1902 dicit.
499 1861 604 1902 Plot.
634 1862 812 1902 Ennead.
840 1863 867 1902 1.
898 1861 967 1901 lib.
997 1861 1065 1900 IV.
1096 1862 1161 1901 31.
1199 1860 1263 1901 ὅτι
1297 1863 1340 1901 δὲ
1374 1861 1398 1910 ἡ
1435 1864 1566 1902 τελεία
1602 1860 1701 1911 ζωή,
1737 1864 1806 1902 καὶ
1833 1861 1859 1911 ἡ
1889 1859 2072 1911 ἀληθινὴ
2100 1864 2168 1901 καὶ
2205 1858 2346 1909 ὅντως,
2381 1866 2424 1902 ἐν

194 1940 320 1995 ἐκείνῃ
348 1939 396 1993 τῇ
423 1938 550 1989 νοερᾷ
579 1934 719 1992 φύσει·
747 1939 813 1977 καὶ
842 1934 906 1977 ὅτι
934 1939 976 1976 αι’
1006 1932 1127 1975 ἄλλαι
1156 1933 1326 1983 ἀτελεῖς,
1354 1937 1422 1976 καὶ
1450 1934 1679 1989 ἰνδάλματα
1708 1937 1827 1986 ζωῆς,
1854 1938 1923 1977 καὶ
1952 1935 2002 1977 οὐ
2028 1938 2201 1997 τελείως,
2231 1935 2322 1977 οὐδὲ
2351 1951 2424 1976 κα-

193 2014 357 2067 θαρῶς,
392 2013 461 2052 καὶ
498 2011 547 2052 οὐ
580 2013 741 2065 μᾶλλον
769 2011 865 2060 ζωαὶ
893 2007 922 2062 ἦ
949 2010 1207 2060 τούναντίον,
1243 2009 1438 2060 πολλάκις
1463 2014 1536 2065 μὲν
1565 2012 1729 2067 εἴρηται.
1785 2014 1875 2055 Καὶ
1902 2014 1976 2055 νῦν
2004 2014 2046 2053 δὲ
2074 2013 2254 2065 λελέχθω
2283 2009 2424 2053 συντό-

193 2105 297 2140 μως,
325 2088 396 2136 ὡς,
426 2092 499 2134 ἕως
525 2085 578 2127 ἀν
605 2086 743 2128 πάντα
772 2085 823 2126 τά
851 2089 932 2135 ζῶα
961 2092 1003 2126 ἐκ
1029 2089 1127 2139 μιᾶς
1155 2086 1283 2139 ἀρχῆς
1310 2082 1353 2141 ᾗ,
1381 2086 1436 2138 μὴ
1465 2091 1605 2137 ἐπίσης
1632 2089 1674 2129 δὲ
1703 2086 1753 2128 τά
1782 2089 1889 2128 ἀλλα
1917 2089 1980 2142 ζῇ,
2009 2085 2166 2138 ἀνάγκη
2195 2084 2269 2136 τὴν
2296 2084 2424 2140 ἀρχὴν

194 2161 270 2215 τὴν
296 2161 461 2216 πρώτην
490 2159 596 2212 ζωὴν
623 2164 693 2203 καὶ
721 2160 798 2211 τὴν
823 2160 1052 2211 τελειότητα
1081 2161 1194 2202 εἶναι.
1242 2162 1323 2202 Sed
1351 2177 1434 2202 non
1462 2171 1531 2211 est,
1560 2164 1669 2215 quod
1696 2165 1898 2205 Plotinum
1927 2163 2160 2211 adferamus,
2188 2162 2423 2219 Aristoteles

196 2241 299 2280 enim
328 2244 464 2292 aperte
494 2238 608 2287 dicit,
637 2240 780 2278 mentis
809 2240 1015 2278 essentiam
1043 2241 1163 2278 vitam
1192 2238 1348 2277 beatam
1377 2252 1481 2287 esse,
1508 2241 1609 2288 sive,
1639 2239 1747 2292 quod
1774 2240 1877 2279 idem
1907 2246 1984 2287 est,
2011 2240 2130 2277 vitam
2158 2237 2311 2278 beatam
2337 2251 2423 2278 esse

193 2317 336 2357 mentis
364 2316 585 2359 essentiam.
633 2314 723 2355 Etb.
743 2315 897 2354 Nicom.
916 2314 983 2353 IX.
1004 2315 1149 2366 4..ἔχει
1175 2310 1256 2365 γάρ
1283 2315 1354 2353 καὶ
1379 2315 1452 2354 νῦν
1481 2313 1503 2354 ὁ
1531 2312 1634 2361 θεὸς
1659 2314 1864 2366 τάγαθόν,
1891 2313 1983 2356 ἀλλ’
2007 2311 2063 2353 ὢν
2090 2310 2125 2361 ὅ,
2152 2314 2192 2352 τί
2216 2312 2308 2353 ποτ’
2327 2314 2422 2353 ἐστι’.

193 2390 370 2443 Metnph.
396 2390 483 2431 ΧΠ.
513 2392 550 2430 7.
587 2392 740 2442 ἐνεργεῖ
767 2389 807 2429 δὲ
835 2391 936 2442 ἔχων
965 2387 987 2429 ὁ
1015 2390 1122 2436 νοῦς.
1154 2411 1205 2419 -
1241 2389 1326 2429 ἐπεὶ
1359 2390 1428 2429 καὶ
1459 2388 1484 2439 ἡ
1512 2387 1642 2439 ἡδονὴ
1670 2393 1847 2443 ἐνέργεια
1875 2387 2032 2431 τούτου.
2085 2387 2211 2441 Quod
2238 2388 2296 2428 bis
2322 2388 2422 2430 locis

195 2466 245 2508 de
272 2468 445 2507 essentia
472 2465 537 2506 dei
567 2465 715 2506 dictum
744 2471 814 2514 est,
841 2465 944 2505 idem
972 2465 1080 2506 valet
1109 2464 1158 2505 de
1185 2466 1328 2504 mentis
1357 2467 1542 2514 essentia,
1571 2479 1674 2518 quae
1701 2466 1870 2506 bominis
1898 2472 1969 2513 est,
1997 2464 2188 2516 siquidem
2216 2478 2325 2504 mens
2351 2465 2423 2505 hu-

194 2554 308 2582 mana
327 2541 387 2580 *ad
418 2541 483 2581 dei
518 2540 815 2580 similitudinem
852 2541 956 2580 facta
993 2547 1054 2580 est
1087 2546 1127 2579 et
1155 2545 1391 2592 comparata.
1446 2541 1537 2581 Etb.
1565 2542 1720 2581 Nicom.
1748 2541 1796 2582 X.
1824 2541 1864 2583 8.
1899 2538 2000 2581 ὥστε
2028 2537 2054 2589 ἡ
2082 2539 2156 2579 τοῦ
2181 2539 2288 2581 θεοῦ
2313 2541 2423 2593 ἐνέρ-

193 2631 283 2669 γεια
309 2614 580 2670 μακαριότητι
608 2617 862 2670 διαφέρουσα
890 2614 1121 2668 θεωρητικὴ
1152 2613 1205 2656 ἂν
1233 2614 1315 2664 εἴη·
1342 2617 1410 2655 καὶ
1436 2618 1517 2656 τῶν
1544 2615 1821 2670 ἀνθρωπίνων
1846 2613 1898 2666 δὴ
1925 2615 1950 2665 ἡ
1971 2612 2095 2670 ταύτῃ
2118 2611 2422 2666 συγγενεστάτη,

193 2689 576 2748 εὐδαιμονικατάτη.
612 2697 789 2738 —-<1014·
821 2693 898 2743 μὲν
929 2688 1010 2744 γὰρ
1045 2693 1165 2739 θεοῖς
1195 2691 1280 2738 πᾶς
1315 2689 1337 2730 ὁ
1369 2691 1462 2742 βίος
1495 2690 1716 2744 μακάριος·
1758 2698 1844 2740 τοῖς
1879 2689 1919 2746 ‹5’⁴
1939 2686 2198 2743 ἀνθρώποις,
2231 2688 2296 2745 ἐφ’
2319 2687 2422 2732 ὅσον

193 2764 389 2819 ogandam&
413 2782 453 2807 τι
476 2769 570 2816 ,τῆς
595 2763 786 2814 τοιαύτης
817 2769 1018 2817 ἐνεργείας
1052 2765 1232 2821 ὑπάρχει.
1288 2766 1403 2806 Mens
1439 2773 1569 2806 autem
1591 2767 1792 2817 bominis,
1829 2772 2024 2820 quatenus
2061 2764 2195 2805 divina
2223 2764 2420 2817 squaedam

194 2843 367 2886 mentia
386 2848 472 2891 est,
507 2856 659 2896 pern-se
687 2855 757 2882 acv
776 2850 942 2895 propter
969 2857 1013 2883 se
1050 2849 1126 2890 est,
1164 2850 1296 2883 cetera
1331 2849 1458 2882 autem
1495 2844 1625 2882 omnia
1660 2846 1716 2882 ita
1750 2849 1892 2883 natura
1926 2841 2046 2889 facta,
2082 2847 2127 2880 ut
2160 2842 2200 2880 ei
2234 2843 2420 2883 serviant.

192 2916 431 2972 Metaph.‹1.-
454 2918 494 2963 2,
536 2917 625 2960 Eth.
646 2918 810 2961 ,Nicom.
836 2917 904 2959 lx.
933 2919 970 2959 4.
1025 2920 1086 2960 Ac
1113 2919 1300 2971 quoniam
1329 2920 1366 2958 ei
1393 2918 1748 2972 nihil·oppositum
1777 2925 1849 2967 est,
1872 2919 1963 2970 ipsa
1989 2930 2034 2957 se
2060 2917 2186 2968 ipsam
2213 2918 2421 2971 cognoscit
