<?xml version="1.0" encoding="UTF-8"?>
<!DOCTYPE html PUBLIC "-//W3C//DTD XHTML 1.0 Transitional//EN"
    "http://www.w3.org/TR/xhtml1/DTD/xhtml1-transitional.dtd">
<html xmlns="http://www.w3.org/1999/xhtml" xml:lang="en" lang="en">
 <head>
  <title>
</title>
<meta http-equiv="Content-Type" content="text/html;charset=utf-8" />
  <meta name='ocr-system' content='tesseract 3.04.00' />
  <meta name='ocr-capabilities' content='ocr_page ocr_carea ocr_par ocr_line ocrx_word'/>
</head>
<body>
  <div class='ocr_page' id='page_1' title='image "4769558_0023.png"; bbox 0 0 2581 3337; ppageno 0'>
   <div class='ocr_carea' id='block_1_1' title="bbox 1542 0 1835 47">
    <p class='ocr_par' dir='ltr' id='par_1_1' title="bbox 1542 0 1835 47">
     <span class='ocr_line' id='line_1_1' title="bbox 1573 0 1835 16; baseline -0.015 0"><span class='ocrx_word' id='word_1_1' title='bbox 1573 7 1576 11; x_wconf 89' lang='lat'>·</span> <span class='ocrx_word' id='word_1_2' title='bbox 1603 2 1608 5; x_wconf 77' lang='grc'><em>“</em></span> <span class='ocrx_word' id='word_1_3' title='bbox 1626 5 1629 7; x_wconf 91' lang='grc'><em>·</em></span> <span class='ocrx_word' id='word_1_4' title='bbox 1662 0 1770 16; x_wconf 65' lang='lat'><strong>:·,.;·.-.-‚-1·¹</strong></span> <span class='ocrx_word' id='word_1_5' title='bbox 1775 0 1835 13; x_wconf 53' lang='lat'><strong>*****</strong></span> 
     </span>
     <span class='ocr_line' id='line_1_2' title="bbox 1542 12 1793 47; baseline -0.02 -17"><span class='ocrx_word' id='word_1_6' title='bbox 1542 23 1546 30; x_wconf 54' lang='grc' dir='ltr'><strong><em>ι</em></strong></span> <span class='ocrx_word' id='word_1_7' title='bbox 1582 12 1728 47; x_wconf 26' lang='lat' dir='ltr'><strong>‘&#39;kene-50:¹3</strong></span> <span class='ocrx_word' id='word_1_8' title='bbox 1773 24 1793 33; x_wconf 44' lang='lat'><strong>.—⁷</strong></span> 
     </span>
    </p>
   </div>
   <div class='ocr_carea' id='block_1_2' title="bbox 1418 0 1762 176">
    <p class='ocr_par' dir='ltr' id='par_1_2' title="bbox 1418 0 1762 176">
     <span class='ocr_line' id='line_1_3' title="bbox 1418 0 1762 176; baseline 0 0"><span class='ocrx_word' id='word_1_9' title='bbox 1418 0 1762 176; x_wconf 95' lang='lat' dir='ltr'><strong>  </strong></span> 
     </span>
    </p>
   </div>
   <div class='ocr_carea' id='block_1_3' title="bbox 1124 144 1705 216">
    <p class='ocr_par' dir='ltr' id='par_1_3' title="bbox 1124 144 1705 216">
     <span class='ocr_line' id='line_1_4' title="bbox 1124 144 1705 216; baseline 0 -15"><span class='ocrx_word' id='word_1_10' title='bbox 1124 193 1186 201; x_wconf 73' lang='grc'><strong>-</strong></span> <span class='ocrx_word' id='word_1_11' title='bbox 1247 164 1305 211; x_wconf 84' lang='grc'><strong>13</strong></span> <span class='ocrx_word' id='word_1_12' title='bbox 1367 193 1429 201; x_wconf 71' lang='lat'><em>-</em></span> <span class='ocrx_word' id='word_1_13' title='bbox 1612 144 1705 216; x_wconf 16' lang='lat' dir='ltr'><strong>’&#39;1&#39;‘szss</strong></span> 
     </span>
    </p>
   </div>
   <div class='ocr_carea' id='block_1_4' title="bbox 1664 231 2395 1030">
    <p class='ocr_par' dir='ltr' id='par_1_4' title="bbox 1664 231 2395 1030">
     <span class='ocr_line' id='line_1_5' title="bbox 1664 231 2389 375; baseline 0 0"><span class='ocrx_word' id='word_1_14' title='bbox 1664 231 2389 375; x_wconf 95' lang='lat' dir='ltr'><strong>   </strong></span> 
     </span>
     <span class='ocr_line' id='line_1_6' title="bbox 1749 375 2391 604; baseline 0 -158"><span class='ocrx_word' id='word_1_15' title='bbox 1749 375 2391 604; x_wconf 95' lang='lat' dir='ltr'><strong>    </strong></span> 
     </span>
     <span class='ocr_line' id='line_1_7' title="bbox 1963 604 2391 793; baseline 0 -159"><span class='ocrx_word' id='word_1_16' title='bbox 1963 604 2391 793; x_wconf 95' lang='lat' dir='ltr'><strong>    </strong></span> 
     </span>
     <span class='ocr_line' id='line_1_8' title="bbox 2140 793 2389 898; baseline 0 0"><span class='ocrx_word' id='word_1_17' title='bbox 2140 793 2389 898; x_wconf 95' lang='lat' dir='ltr'><strong>  </strong></span> 
     </span>
     <span class='ocr_line' id='line_1_9' title="bbox 2228 898 2395 1030; baseline 0 0"><span class='ocrx_word' id='word_1_18' title='bbox 2228 898 2395 1030; x_wconf 95' lang='lat' dir='ltr'><strong>  </strong></span> 
     </span>
    </p>
   </div>
   <div class='ocr_carea' id='block_1_5' title="bbox 159 280 2440 2996">
    <p class='ocr_par' dir='ltr' id='par_1_5' title="bbox 159 280 2404 1861">
     <span class='ocr_line' id='line_1_10' title="bbox 163 280 1877 346; baseline -0.005 -12"><span class='ocrx_word' id='word_1_19' title='bbox 163 307 211 333; x_wconf 88' lang='lat' dir='ltr'><strong>ac</strong></span> <span class='ocrx_word' id='word_1_20' title='bbox 236 294 449 346; x_wconf 81' lang='lat' dir='ltr'><strong>suiipsius</strong></span> <span class='ocrx_word' id='word_1_21' title='bbox 477 303 595 331; x_wconf 85' lang='lat' dir='ltr'><strong>causa</strong></span> <span class='ocrx_word' id='word_1_22' title='bbox 623 295 694 330; x_wconf 87' lang='lat' dir='ltr'><strong>est.</strong></span> <span class='ocrx_word' id='word_1_23' title='bbox 748 289 814 328; x_wconf 90' lang='lat' dir='ltr'><strong>De</strong></span> <span class='ocrx_word' id='word_1_24' title='bbox 842 289 958 328; x_wconf 90' lang='lat' dir='ltr'><strong>anim.</strong></span> <span class='ocrx_word' id='word_1_25' title='bbox 985 287 1052 327; x_wconf 86' lang='lat'><strong>111.</strong></span> <span class='ocrx_word' id='word_1_26' title='bbox 1080 288 1119 327; x_wconf 80' lang='lat'><strong>6.</strong></span> <span class='ocrx_word' id='word_1_27' title='bbox 1155 290 1190 327; x_wconf 71' lang='lat' dir='ltr'><strong>ei</strong></span> <span class='ocrx_word' id='word_1_28' title='bbox 1224 287 1267 327; x_wconf 75' lang='grc' dir='ltr'><strong>δέ</strong></span> <span class='ocrx_word' id='word_1_29' title='bbox 1293 302 1374 328; x_wconf 83' lang='grc' dir='ltr'><strong><em>τινι</em></strong></span> <span class='ocrx_word' id='word_1_30' title='bbox 1399 283 1458 339; x_wconf 87' lang='grc' dir='ltr'><strong>μή</strong></span> <span class='ocrx_word' id='word_1_31' title='bbox 1485 288 1594 326; x_wconf 76' lang='grc' dir='ltr'><strong><em>ἐστιν</em></strong></span> <span class='ocrx_word' id='word_1_32' title='bbox 1620 280 1703 326; x_wconf 69' lang='grc' dir='ltr'><strong>ἐν’</strong></span> <span class='ocrx_word' id='word_1_33' title='bbox 1837 337 1846 344; x_wconf 65' lang='lat'><em>„</em></span> <span class='ocrx_word' id='word_1_34' title='bbox 1868 329 1877 339; x_wconf 77' lang='lat'><strong>..</strong></span> 
     </span>
     <span class='ocr_line' id='line_1_11' title="bbox 162 354 1977 427; baseline -0.005 -17"><span class='ocrx_word' id='word_1_35' title='bbox 162 365 349 422; x_wconf 67' lang='grc' dir='ltr'><strong><em>γινώσκει</em></strong></span> <span class='ocrx_word' id='word_1_36' title='bbox 375 367 444 408; x_wconf 82' lang='grc' dir='ltr'><strong><em>καὶ</em></strong></span> <span class='ocrx_word' id='word_1_37' title='bbox 471 366 651 420; x_wconf 73' lang='grc' dir='ltr'><strong>ἐνεργείᾳ</strong></span> <span class='ocrx_word' id='word_1_38' title='bbox 678 364 763 406; x_wconf 79' lang='grc' dir='ltr'><strong><em>ἐστὶ</em></strong></span> <span class='ocrx_word' id='word_1_39' title='bbox 790 364 858 405; x_wconf 79' lang='grc' dir='ltr'><strong><em>καὶ</em></strong></span> <span class='ocrx_word' id='word_1_40' title='bbox 880 359 1093 417; x_wconf 76' lang='grc' dir='ltr'><strong><em>χωριστόν.</em></strong></span> <span class='ocrx_word' id='word_1_41' title='bbox 1147 361 1307 417; x_wconf 78' lang='lat' dir='ltr'><strong>Analyt.</strong></span> <span class='ocrx_word' id='word_1_42' title='bbox 1335 367 1441 417; x_wconf 79' lang='lat' dir='ltr'><strong>post.</strong></span> <span class='ocrx_word' id='word_1_43' title='bbox 1469 361 1500 401; x_wconf 92' lang='lat'><strong>1.</strong></span> <span class='ocrx_word' id='word_1_44' title='bbox 1527 362 1593 403; x_wconf 65' lang='lat'><strong>24.</strong></span> <span class='ocrx_word' id='word_1_45' title='bbox 1628 354 1698 402; x_wconf 82' lang='grc' dir='ltr'><strong>Ὧι</strong></span> <span class='ocrx_word' id='word_1_46' title='bbox 1849 407 1898 427; x_wconf 32' lang='lat' dir='ltr'>x</span> <span class='ocrx_word' id='word_1_47' title='bbox 1956 380 1977 401; x_wconf 77' lang='grc'><strong>·,</strong></span> 
     </span>
     <span class='ocr_line' id='line_1_12' title="bbox 163 424 2027 496; baseline -0.003 -12"><span class='ocrx_word' id='word_1_48' title='bbox 163 442 265 485; x_wconf 77' lang='grc' dir='ltr'><strong><em>αὐτὸ</em></strong></span> <span class='ocrx_word' id='word_1_49' title='bbox 292 441 403 495; x_wconf 76' lang='grc' dir='ltr'><strong><em>αὐτῷ’</em></strong></span> <span class='ocrx_word' id='word_1_50' title='bbox 429 441 586 482; x_wconf 67' lang='grc' dir='ltr'><strong><em>αἴτιον·</em></strong></span> <span class='ocrx_word' id='word_1_51' title='bbox 610 437 657 481; x_wconf 86' lang='grc' dir='ltr'><strong>τὸ</strong></span> <span class='ocrx_word' id='word_1_52' title='bbox 694 441 736 480; x_wconf 82' lang='grc' dir='ltr'><strong>δὲ</strong></span> <span class='ocrx_word' id='word_1_53' title='bbox 763 437 953 480; x_wconf 81' lang='grc' dir='ltr'><strong><em>καθόλου</em></strong></span> <span class='ocrx_word' id='word_1_54' title='bbox 979 439 1157 492; x_wconf 84' lang='grc' dir='ltr'><strong><em>πρῶτον·</em></strong></span> <span class='ocrx_word' id='word_1_55' title='bbox 1195 437 1327 478; x_wconf 82' lang='grc' dir='ltr'><strong><em>αἴτιον</em></strong></span> <span class='ocrx_word' id='word_1_56' title='bbox 1354 434 1437 492; x_wconf 81' lang='grc' dir='ltr'><strong><em>ἄρα</em></strong></span> <span class='ocrx_word' id='word_1_57' title='bbox 1463 433 1511 477; x_wconf 83' lang='grc' dir='ltr'><strong>τὸ</strong></span> <span class='ocrx_word' id='word_1_58' title='bbox 1539 435 1737 478; x_wconf 76' lang='grc' dir='ltr'><strong><em>καθόλου.</em></strong></span> <span class='ocrx_word' id='word_1_59' title='bbox 1820 425 1853 437; x_wconf 38' lang='grc' dir='ltr'><strong>’ὗ</strong></span> <span class='ocrx_word' id='word_1_60' title='bbox 1875 490 1919 496; x_wconf 20' lang='grc' dir='ltr'><strong>,ν</strong></span> <span class='ocrx_word' id='word_1_61' title='bbox 1948 424 1955 441; x_wconf 75' lang='grc'><em>’</em></span> <span class='ocrx_word' id='word_1_62' title='bbox 2012 438 2027 448; x_wconf 74' lang='grc'><em>“</em></span> 
     </span>
     <span class='ocr_line' id='line_1_13' title="bbox 163 507 2058 574; baseline -0.004 -14"><span class='ocrx_word' id='word_1_63' title='bbox 163 521 275 574; x_wconf 87' lang='lat' dir='ltr'><strong>quod</strong></span> <span class='ocrx_word' id='word_1_64' title='bbox 301 518 536 559; x_wconf 80' lang='lat' dir='ltr'><strong>Aristoteles</strong></span> <span class='ocrx_word' id='word_1_65' title='bbox 563 523 732 556; x_wconf 84' lang='lat' dir='ltr'><strong>mentem</strong></span> <span class='ocrx_word' id='word_1_66' title='bbox 760 530 804 556; x_wconf 92' lang='lat' dir='ltr'><strong>se</strong></span> <span class='ocrx_word' id='word_1_67' title='bbox 838 519 962 569; x_wconf 82' lang='lat' dir='ltr'>ipsam</span> <span class='ocrx_word' id='word_1_68' title='bbox 999 515 1328 567; x_wconf 80' lang='lat' dir='ltr'><strong>contemplantem</strong></span> <span class='ocrx_word' id='word_1_69' title='bbox 1364 516 1476 562; x_wconf 87' lang='lat' dir='ltr'><strong>fecit,</strong></span> <span class='ocrx_word' id='word_1_70' title='bbox 1512 514 1611 553; x_wconf 92' lang='lat' dir='ltr'><strong>illud</strong></span> <span class='ocrx_word' id='word_1_71' title='bbox 1647 513 1861 572; x_wconf 84' lang='lat' dir='ltr'><strong>tenendum</strong></span> <span class='ocrx_word' id='word_1_72' title='bbox 2025 507 2058 520; x_wconf 58' lang='lat'><strong>&#39;¹‘</strong></span> 
     </span>
     <span class='ocr_line' id='line_1_14' title="bbox 161 586 2138 651; baseline -0.003 -15"><span class='ocrx_word' id='word_1_73' title='bbox 161 595 311 651; x_wconf 84' lang='lat' dir='ltr'><strong>plaudo</strong></span> <span class='ocrx_word' id='word_1_74' title='bbox 339 594 415 636; x_wconf 86' lang='lat' dir='ltr'><strong>sibi</strong></span> <span class='ocrx_word' id='word_1_75' title='bbox 441 592 643 633; x_wconf 78' lang='lat' dir='ltr'><strong>vindicare</strong></span> <span class='ocrx_word' id='word_1_76' title='bbox 671 607 717 632; x_wconf 86' lang='lat' dir='ltr'><strong>ac</strong></span> <span class='ocrx_word' id='word_1_77' title='bbox 744 592 957 632; x_wconf 89' lang='lat' dir='ltr'><strong>conciliare</strong></span> <span class='ocrx_word' id='word_1_78' title='bbox 984 590 1251 645; x_wconf 83' lang='lat' dir='ltr'><strong>intelligibilia</strong></span> <span class='ocrx_word' id='word_1_79' title='bbox 1278 586 1352 640; x_wconf 89' lang='grc' dir='ltr'><strong><em>(τα</em></strong></span> <span class='ocrx_word' id='word_1_80' title='bbox 1381 587 1554 640; x_wconf 81' lang='grc' dir='ltr'><strong><em>νοητά),</em></strong></span> <span class='ocrx_word' id='word_1_81' title='bbox 1588 596 1707 642; x_wconf 87' lang='lat' dir='ltr'><strong>atque</strong></span> <span class='ocrx_word' id='word_1_82' title='bbox 1735 591 1814 629; x_wconf 88' lang='lat' dir='ltr'><strong>hoc</strong></span> <span class='ocrx_word' id='word_1_83' title='bbox 1838 589 1999 630; x_wconf 50' lang='lat' dir='ltr'><strong>modo*</strong></span> <span class='ocrx_word' id='word_1_84' title='bbox 2128 593 2138 641; x_wconf 21' lang='grc' dir='ltr'>ἰ</span> 
     </span>
     <span class='ocr_line' id='line_1_15' title="bbox 162 653 2121 727; baseline -0.004 -14"><span class='ocrx_word' id='word_1_85' title='bbox 162 671 421 727; x_wconf 85' lang='lat' dir='ltr'><strong>telligibilem.</strong></span> <span class='ocrx_word' id='word_1_86' title='bbox 466 669 641 722; x_wconf 86' lang='lat' dir='ltr'><strong>Metaph.</strong></span> <span class='ocrx_word' id='word_1_87' title='bbox 662 668 747 709; x_wconf 89' lang='lat' dir='ltr'>XII.</span> <span class='ocrx_word' id='word_1_88' title='bbox 772 671 809 710; x_wconf 88' lang='lat'><strong>7.</strong></span> <span class='ocrx_word' id='word_1_89' title='bbox 857 666 1197 721; x_wconf 80' lang='lat' dir='ltr'><strong>Quemadmodum</strong></span> <span class='ocrx_word' id='word_1_90' title='bbox 1227 668 1328 707; x_wconf 91' lang='lat' dir='ltr'><strong>enim</strong></span> <span class='ocrx_word' id='word_1_91' title='bbox 1356 679 1495 708; x_wconf 83' lang='lat' dir='ltr'><strong>sensus</strong></span> <span class='ocrx_word' id='word_1_92' title='bbox 1524 679 1653 706; x_wconf 88' lang='lat' dir='ltr'><strong>rerum</strong></span> <span class='ocrx_word' id='word_1_93' title='bbox 1681 666 1757 706; x_wconf 89' lang='lat' dir='ltr'><strong>sibi</strong></span> <span class='ocrx_word' id='word_1_94' title='bbox 1785 653 2065 707; x_wconf 40' lang='lat' dir='ltr'><strong>subiectat-u*¹</strong></span> <span class='ocrx_word' id='word_1_95' title='bbox 2117 674 2121 677; x_wconf 88' lang='grc'><strong><em>’</em></strong></span> 
     </span>
     <span class='ocr_line' id='line_1_16' title="bbox 161 734 2168 803; baseline -0.003 -15"><span class='ocrx_word' id='word_1_96' title='bbox 161 748 336 788; x_wconf 84' lang='lat' dir='ltr'><strong>vindicat</strong></span> <span class='ocrx_word' id='word_1_97' title='bbox 362 746 598 798; x_wconf 88' lang='lat' dir='ltr'><strong>easdemque</strong></span> <span class='ocrx_word' id='word_1_98' title='bbox 625 748 681 784; x_wconf 86' lang='lat' dir='ltr'><strong>ita</strong></span> <span class='ocrx_word' id='word_1_99' title='bbox 709 745 787 784; x_wconf 88' lang='lat' dir='ltr'><strong>sibi</strong></span> <span class='ocrx_word' id='word_1_100' title='bbox 816 745 1046 793; x_wconf 79' lang='lat' dir='ltr'><strong>conformat,</strong></span> <span class='ocrx_word' id='word_1_101' title='bbox 1079 751 1124 783; x_wconf 94' lang='lat' dir='ltr'><strong>ut</strong></span> <span class='ocrx_word' id='word_1_102' title='bbox 1150 740 1197 783; x_wconf 78' lang='grc' dir='ltr'><strong>τὸ</strong></span> <span class='ocrx_word' id='word_1_103' title='bbox 1226 739 1471 792; x_wconf 75' lang='grc' dir='ltr'><strong><em>αἰσθητικὸν</em></strong></span> <span class='ocrx_word' id='word_1_104' title='bbox 1500 748 1541 782; x_wconf 92' lang='lat' dir='ltr'><strong>et</strong></span> <span class='ocrx_word' id='word_1_105' title='bbox 1567 740 1612 781; x_wconf 86' lang='grc' dir='ltr'><strong>τὸ</strong></span> <span class='ocrx_word' id='word_1_106' title='bbox 1641 739 1849 791; x_wconf 74' lang='grc' dir='ltr'><strong><em>αἰσθητὸν</em></strong></span> <span class='ocrx_word' id='word_1_107' title='bbox 1875 756 1957 783; x_wconf 91' lang='lat' dir='ltr'><strong>uno</strong></span> <span class='ocrx_word' id='word_1_108' title='bbox 1986 746 2106 783; x_wconf 85' lang='lat' dir='ltr'><strong>actu</strong></span> <span class='ocrx_word' id='word_1_109' title='bbox 2096 734 2114 742; x_wconf 63' lang='grc'><strong><em>’</em></strong></span> <span class='ocrx_word' id='word_1_110' title='bbox 2148 797 2168 803; x_wconf 23' lang='lat' dir='ltr'>h</span> 
     </span>
     <span class='ocr_line' id='line_1_17' title="bbox 163 819 2272 876; baseline -0.002 -13"><span class='ocrx_word' id='word_1_111' title='bbox 163 824 213 863; x_wconf 91' lang='lat' dir='ltr'><strong>de</strong></span> <span class='ocrx_word' id='word_1_112' title='bbox 240 826 355 863; x_wconf 88' lang='lat' dir='ltr'><strong>anim.</strong></span> <span class='ocrx_word' id='word_1_113' title='bbox 382 822 430 862; x_wconf 88' lang='lat'><strong>11.</strong></span> <span class='ocrx_word' id='word_1_114' title='bbox 459 823 503 861; x_wconf 87' lang='lat'><strong>6:</strong></span> <span class='ocrx_word' id='word_1_115' title='bbox 539 824 594 860; x_wconf 85' lang='lat' dir='ltr'><strong>ita</strong></span> <span class='ocrx_word' id='word_1_116' title='bbox 621 835 731 859; x_wconf 90' lang='lat' dir='ltr'><strong>mens</strong></span> <span class='ocrx_word' id='word_1_117' title='bbox 760 834 823 859; x_wconf 87' lang='lat' dir='ltr'><strong>res</strong></span> <span class='ocrx_word' id='word_1_118' title='bbox 852 827 1050 868; x_wconf 90' lang='lat' dir='ltr'><strong>aeternas,</strong></span> <span class='ocrx_word' id='word_1_119' title='bbox 1087 819 1135 858; x_wconf 89' lang='lat' dir='ltr'><strong>ab</strong></span> <span class='ocrx_word' id='word_1_120' title='bbox 1164 820 1272 858; x_wconf 90' lang='lat' dir='ltr'><strong>omni</strong></span> <span class='ocrx_word' id='word_1_121' title='bbox 1298 820 1460 857; x_wconf 87' lang='lat' dir='ltr'><strong>materia</strong></span> <span class='ocrx_word' id='word_1_122' title='bbox 1492 820 1704 866; x_wconf 81' lang='lat' dir='ltr'><strong>seiunctas,</strong></span> <span class='ocrx_word' id='word_1_123' title='bbox 1741 819 2003 871; x_wconf 80' lang='lat' dir='ltr'><strong>apprehendit</strong></span> <span class='ocrx_word' id='word_1_124' title='bbox 2039 833 2177 872; x_wconf 69' lang='lat' dir='ltr'><strong>appr·</strong></span> <span class='ocrx_word' id='word_1_125' title='bbox 2270 874 2272 876; x_wconf 16' lang='lat' dir='ltr'>v</span> 
     </span>
     <span class='ocr_line' id='line_1_18' title="bbox 162 877 2244 951; baseline -0.001 -11"><span class='ocrx_word' id='word_1_126' title='bbox 162 913 209 940; x_wconf 85' lang='lat' dir='ltr'><strong>ex</strong></span> <span class='ocrx_word' id='word_1_127' title='bbox 235 905 359 940; x_wconf 87' lang='lat' dir='ltr'><strong>semet</strong></span> <span class='ocrx_word' id='word_1_128' title='bbox 383 899 469 951; x_wconf 90' lang='lat' dir='ltr'><strong>ipsa</strong></span> <span class='ocrx_word' id='word_1_129' title='bbox 496 898 713 951; x_wconf 83' lang='lat' dir='ltr'><strong>progignit.</strong></span> <span class='ocrx_word' id='word_1_130' title='bbox 770 895 849 936; x_wconf 91' lang='lat' dir='ltr'><strong>Sed</strong></span> <span class='ocrx_word' id='word_1_131' title='bbox 877 895 1097 936; x_wconf 82' lang='lat' dir='ltr'><strong>dubitatum</strong></span> <span class='ocrx_word' id='word_1_132' title='bbox 1126 901 1196 944; x_wconf 88' lang='lat' dir='ltr'><strong>est,</strong></span> <span class='ocrx_word' id='word_1_133' title='bbox 1229 909 1323 935; x_wconf 87' lang='lat' dir='ltr'><strong>num</strong></span> <span class='ocrx_word' id='word_1_134' title='bbox 1350 896 1392 934; x_wconf 92' lang='lat' dir='ltr'><strong>in</strong></span> <span class='ocrx_word' id='word_1_135' title='bbox 1418 894 1587 934; x_wconf 89' lang='lat' dir='ltr'><strong>hominis</strong></span> <span class='ocrx_word' id='word_1_136' title='bbox 1617 894 1893 935; x_wconf 81' lang='lat' dir='ltr'><strong>mortalitatem</strong></span> <span class='ocrx_word' id='word_1_137' title='bbox 1919 896 2017 936; x_wconf 88' lang='lat' dir='ltr'><strong>haec</strong></span> <span class='ocrx_word' id='word_1_138' title='bbox 2044 898 2217 937; x_wconf 74' lang='lat' dir='ltr'><strong>essentia</strong></span> <span class='ocrx_word' id='word_1_139' title='bbox 2236 877 2244 883; x_wconf 28' lang='grc' dir='ltr'>ἦ</span> 
     </span>
     <span class='ocr_line' id='line_1_19' title="bbox 161 970 2404 1030; baseline -0.001 -14"><span class='ocrx_word' id='word_1_140' title='bbox 161 982 309 1030; x_wconf 89' lang='lat' dir='ltr'><strong>posset.</strong></span> <span class='ocrx_word' id='word_1_141' title='bbox 364 973 601 1014; x_wconf 87' lang='lat' dir='ltr'><strong>Aristoteles</strong></span> <span class='ocrx_word' id='word_1_142' title='bbox 635 972 870 1026; x_wconf 86' lang='lat' dir='ltr'><strong>respondet:</strong></span> <span class='ocrx_word' id='word_1_143' title='bbox 908 972 1103 1012; x_wconf 91' lang='lat' dir='ltr'><strong>hominem</strong></span> <span class='ocrx_word' id='word_1_144' title='bbox 1139 971 1380 1012; x_wconf 85' lang='lat' dir='ltr'><strong>mortalitate</strong></span> <span class='ocrx_word' id='word_1_145' title='bbox 1415 984 1487 1010; x_wconf 87' lang='lat' dir='ltr'><strong>sua</strong></span> <span class='ocrx_word' id='word_1_146' title='bbox 1521 970 1674 1010; x_wconf 88' lang='lat' dir='ltr'><strong>sublata</strong></span> <span class='ocrx_word' id='word_1_147' title='bbox 1709 978 1898 1025; x_wconf 87' lang='lat' dir='ltr'><strong>oportere</strong></span> <span class='ocrx_word' id='word_1_148' title='bbox 1932 972 2166 1013; x_wconf 77' lang='lat' dir='ltr'><strong>immortalia</strong></span> <span class='ocrx_word' id='word_1_149' title='bbox 2193 987 2244 1014; x_wconf 88' lang='lat' dir='ltr'><strong>co</strong></span> <span class='ocrx_word' id='word_1_150' title='bbox 2342 1020 2345 1022; x_wconf 66' lang='lat'>‚</span> <span class='ocrx_word' id='word_1_151' title='bbox 2398 1023 2404 1027; x_wconf 19' lang='grc' dir='ltr'>μ</span> 
     </span>
     <span class='ocr_line' id='line_1_20' title="bbox 161 1036 2440 1104; baseline 0 -13"><span class='ocrx_word' id='word_1_152' title='bbox 161 1053 251 1092; x_wconf 90' lang='lat' dir='ltr'><strong>Etb.</strong></span> <span class='ocrx_word' id='word_1_153' title='bbox 279 1052 434 1091; x_wconf 82' lang='lat' dir='ltr'><strong>Nicom.</strong></span> <span class='ocrx_word' id='word_1_154' title='bbox 463 1051 511 1088; x_wconf 93' lang='lat' dir='ltr'><strong>X.</strong></span> <span class='ocrx_word' id='word_1_155' title='bbox 543 1036 579 1089; x_wconf 89' lang='grc'><strong>7.</strong></span> <span class='ocrx_word' id='word_1_156' title='bbox 609 1052 641 1089; x_wconf 81' lang='grc' dir='ltr'><strong>εὶ</strong></span> <span class='ocrx_word' id='word_1_157' title='bbox 673 1046 723 1098; x_wconf 81' lang='grc' dir='ltr'><strong>δὴ</strong></span> <span class='ocrx_word' id='word_1_158' title='bbox 752 1050 873 1088; x_wconf 79' lang='grc' dir='ltr'><strong><em>θεῖον</em></strong></span> <span class='ocrx_word' id='word_1_159' title='bbox 901 1046 923 1087; x_wconf 89' lang='grc' dir='ltr'>ὁ</span> <span class='ocrx_word' id='word_1_160' title='bbox 951 1049 1048 1094; x_wconf 83' lang='grc' dir='ltr'><strong><em>νοῦς</em></strong></span> <span class='ocrx_word' id='word_1_161' title='bbox 1074 1044 1176 1100; x_wconf 86' lang='grc' dir='ltr'><strong><em>πρὸς</em></strong></span> <span class='ocrx_word' id='word_1_162' title='bbox 1202 1045 1274 1087; x_wconf 88' lang='grc' dir='ltr'><strong><em>τὸν</em></strong></span> <span class='ocrx_word' id='word_1_163' title='bbox 1302 1044 1540 1100; x_wconf 79' lang='grc' dir='ltr'><strong><em>ἄνθρωπον,</em></strong></span> <span class='ocrx_word' id='word_1_164' title='bbox 1567 1048 1634 1086; x_wconf 85' lang='grc' dir='ltr'><strong><em>καὶ</em></strong></span> <span class='ocrx_word' id='word_1_165' title='bbox 1664 1046 1685 1087; x_wconf 89' lang='grc' dir='ltr'>ὁ</span> <span class='ocrx_word' id='word_1_166' title='bbox 1712 1044 1818 1087; x_wconf 72' lang='grc' dir='ltr'><strong><em>κατὰ</em></strong></span> <span class='ocrx_word' id='word_1_167' title='bbox 1844 1049 1989 1089; x_wconf 85' lang='grc' dir='ltr'><strong><em>τοῦτον</em></strong></span> <span class='ocrx_word' id='word_1_168' title='bbox 2013 1049 2107 1100; x_wconf 84' lang='grc' dir='ltr'><strong><em>βίος</em></strong></span> <span class='ocrx_word' id='word_1_169' title='bbox 2137 1050 2258 1097; x_wconf 74' lang='grc' dir='ltr'><strong><em>θεῖος</em></strong></span> <span class='ocrx_word' id='word_1_170' title='bbox 2282 1043 2440 1104; x_wconf 58' lang='lat' dir='ltr'><strong>neo}</strong></span> 
     </span>
     <span class='ocr_line' id='line_1_21' title="bbox 160 1120 2384 1179; baseline -0 -13"><span class='ocrx_word' id='word_1_171' title='bbox 160 1124 235 1167; x_wconf 84' lang='grc' dir='ltr'><strong><em>τὸν</em></strong></span> <span class='ocrx_word' id='word_1_172' title='bbox 262 1124 527 1179; x_wconf 78' lang='grc' dir='ltr'><strong><em>ἀνθρώπινον</em></strong></span> <span class='ocrx_word' id='word_1_173' title='bbox 553 1126 665 1176; x_wconf 81' lang='grc' dir='ltr'><strong><em>βίον·</em></strong></span> <span class='ocrx_word' id='word_1_174' title='bbox 691 1123 771 1178; x_wconf 77' lang='grc' dir='ltr'><strong>χρὴ</strong></span> <span class='ocrx_word' id='word_1_175' title='bbox 800 1126 842 1164; x_wconf 82' lang='grc' dir='ltr'><strong>δὲ</strong></span> <span class='ocrx_word' id='word_1_176' title='bbox 872 1123 920 1164; x_wconf 84' lang='grc' dir='ltr'><strong>οὐ</strong></span> <span class='ocrx_word' id='word_1_177' title='bbox 946 1121 1050 1163; x_wconf 76' lang='grc' dir='ltr'><strong><em>κατὰ</em></strong></span> <span class='ocrx_word' id='word_1_178' title='bbox 1078 1120 1173 1169; x_wconf 83' lang='grc' dir='ltr'><strong><em>τοὺς</em></strong></span> <span class='ocrx_word' id='word_1_179' title='bbox 1200 1124 1502 1175; x_wconf 81' lang='grc' dir='ltr'><strong><em>παραινοῦντας</em></strong></span> <span class='ocrx_word' id='word_1_180' title='bbox 1531 1122 1774 1176; x_wconf 82' lang='grc' dir='ltr'><strong><em>ἀνθρωπινα</em></strong></span> <span class='ocrx_word' id='word_1_181' title='bbox 1804 1130 1988 1179; x_wconf 78' lang='grc' dir='ltr'><strong><em>φρονεῖν,</em></strong></span> <span class='ocrx_word' id='word_1_182' title='bbox 2014 1121 2244 1178; x_wconf 77' lang='grc' dir='ltr'><strong><em>ἄνθρωπον</em></strong></span> <span class='ocrx_word' id='word_1_183' title='bbox 2272 1121 2384 1174; x_wconf 80' lang='grc' dir='ltr'><strong><em>ὄντα,</em></strong></span> 
     </span>
     <span class='ocr_line' id='line_1_22' title="bbox 162 1196 2385 1256; baseline -0 -14"><span class='ocrx_word' id='word_1_184' title='bbox 162 1200 212 1242; x_wconf 84' lang='grc' dir='ltr'><strong>οὐ</strong></span> <span class='ocrx_word' id='word_1_185' title='bbox 240 1202 281 1241; x_wconf 85' lang='grc' dir='ltr'><strong>δὲ</strong></span> <span class='ocrx_word' id='word_1_186' title='bbox 310 1197 450 1250; x_wconf 75' lang='grc' dir='ltr'><strong><em>θνητοὶ</em></strong></span> <span class='ocrx_word' id='word_1_187' title='bbox 477 1197 550 1240; x_wconf 82' lang='grc' dir='ltr'><strong><em>τὸν</em></strong></span> <span class='ocrx_word' id='word_1_188' title='bbox 577 1198 747 1249; x_wconf 74' lang='grc' dir='ltr'><strong><em>θνητόν,</em></strong></span> <span class='ocrx_word' id='word_1_189' title='bbox 776 1198 866 1239; x_wconf 81' lang='grc' dir='ltr'><strong><em>ἀλλ’</em></strong></span> <span class='ocrx_word' id='word_1_190' title='bbox 890 1197 956 1253; x_wconf 77' lang='grc' dir='ltr'><strong>ἐφ’</strong></span> <span class='ocrx_word' id='word_1_191' title='bbox 982 1196 1081 1239; x_wconf 84' lang='grc' dir='ltr'><strong><em>ὅσον</em></strong></span> <span class='ocrx_word' id='word_1_192' title='bbox 1108 1199 1307 1251; x_wconf 77' lang='grc' dir='ltr'><strong><em>ἐνδέχεται</em></strong></span> <span class='ocrx_word' id='word_1_193' title='bbox 1334 1196 1671 1247; x_wconf 78' lang='grc' dir='ltr'><strong><em>ἀπαθανατίζειν,</em></strong></span> <span class='ocrx_word' id='word_1_194' title='bbox 1696 1201 1764 1239; x_wconf 88' lang='grc' dir='ltr'><strong><em>καὶ</em></strong></span> <span class='ocrx_word' id='word_1_195' title='bbox 1792 1197 1956 1238; x_wconf 82' lang='grc' dir='ltr'><strong><em>ἅπαντα</em></strong></span> <span class='ocrx_word' id='word_1_196' title='bbox 1979 1207 2110 1240; x_wconf 80' lang='grc' dir='ltr'><strong><em>ποιεῖν</em></strong></span> <span class='ocrx_word' id='word_1_197' title='bbox 2126 1198 2231 1254; x_wconf 82' lang='grc' dir='ltr'><strong><em>πρὸς</em></strong></span> <span class='ocrx_word' id='word_1_198' title='bbox 2247 1196 2295 1241; x_wconf 78' lang='grc' dir='ltr'><strong>τὸ</strong></span> <span class='ocrx_word' id='word_1_199' title='bbox 2313 1200 2385 1256; x_wconf 61' lang='lat' dir='ltr'><strong>§qv</strong></span> 
     </span>
     <span class='ocr_line' id='line_1_23' title="bbox 161 1272 2385 1330; baseline 0 -14"><span class='ocrx_word' id='word_1_200' title='bbox 161 1273 267 1316; x_wconf 80' lang='grc' dir='ltr'><strong><em>κατὰ</em></strong></span> <span class='ocrx_word' id='word_1_201' title='bbox 301 1272 348 1315; x_wconf 81' lang='grc' dir='ltr'><strong>τὸ</strong></span> <span class='ocrx_word' id='word_1_202' title='bbox 382 1273 599 1330; x_wconf 80' lang='grc' dir='ltr'><strong><em>κράτιστον</em></strong></span> <span class='ocrx_word' id='word_1_203' title='bbox 634 1276 715 1315; x_wconf 77' lang='grc' dir='ltr'><strong><em>τῶν</em></strong></span> <span class='ocrx_word' id='word_1_204' title='bbox 749 1278 792 1314; x_wconf 84' lang='grc' dir='ltr'><strong><em>ὲν</em></strong></span> <span class='ocrx_word' id='word_1_205' title='bbox 819 1272 965 1325; x_wconf 80' lang='grc' dir='ltr'><strong><em>αὐτῷ·;</em></strong></span> <span class='ocrx_word' id='word_1_206' title='bbox 1003 1280 1122 1326; x_wconf 89' lang='lat' dir='ltr'><strong>atque</strong></span> <span class='ocrx_word' id='word_1_207' title='bbox 1159 1276 1200 1313; x_wconf 92' lang='lat' dir='ltr'><strong>in</strong></span> <span class='ocrx_word' id='word_1_208' title='bbox 1232 1286 1281 1313; x_wconf 92' lang='lat' dir='ltr'><strong>eo</strong></span> <span class='ocrx_word' id='word_1_209' title='bbox 1311 1276 1509 1314; x_wconf 89' lang='lat' dir='ltr'><strong>consentit</strong></span> <span class='ocrx_word' id='word_1_210' title='bbox 1536 1274 1710 1323; x_wconf 88' lang='lat' dir='ltr'><strong>Platoni,</strong></span> <span class='ocrx_word' id='word_1_211' title='bbox 1744 1276 1813 1326; x_wconf 92' lang='lat' dir='ltr'><strong>qui</strong></span> <span class='ocrx_word' id='word_1_212' title='bbox 1841 1276 2055 1328; x_wconf 88' lang='lat' dir='ltr'><strong>sapientiae</strong></span> <span class='ocrx_word' id='word_1_213' title='bbox 2083 1275 2257 1316; x_wconf 87' lang='lat' dir='ltr'><strong>studium</strong></span> <span class='ocrx_word' id='word_1_214' title='bbox 2283 1274 2385 1316; x_wconf 83' lang='lat' dir='ltr'><strong>nihil</strong></span> 
     </span>
     <span class='ocr_line' id='line_1_24' title="bbox 162 1349 2381 1403; baseline 0 -12"><span class='ocrx_word' id='word_1_215' title='bbox 162 1352 271 1392; x_wconf 88' lang='lat' dir='ltr'><strong>aliud</strong></span> <span class='ocrx_word' id='word_1_216' title='bbox 298 1364 385 1391; x_wconf 89' lang='lat' dir='ltr'><strong>esse</strong></span> <span class='ocrx_word' id='word_1_217' title='bbox 414 1351 517 1399; x_wconf 90' lang='lat' dir='ltr'><strong>dicit,</strong></span> <span class='ocrx_word' id='word_1_218' title='bbox 546 1352 622 1390; x_wconf 90' lang='lat' dir='ltr'><strong>nisi</strong></span> <span class='ocrx_word' id='word_1_219' title='bbox 650 1352 994 1403; x_wconf 85' lang='lat' dir='ltr'><strong>praeparationem</strong></span> <span class='ocrx_word' id='word_1_220' title='bbox 1023 1356 1063 1389; x_wconf 88' lang='lat' dir='ltr'><strong>et</strong></span> <span class='ocrx_word' id='word_1_221' title='bbox 1089 1350 1382 1389; x_wconf 82' lang='lat' dir='ltr'><strong>meditationem</strong></span> <span class='ocrx_word' id='word_1_222' title='bbox 1410 1352 1559 1390; x_wconf 87' lang='lat' dir='ltr'><strong>mortis.</strong></span> <span class='ocrx_word' id='word_1_223' title='bbox 1589 1351 1658 1390; x_wconf 85' lang='lat' dir='ltr'><strong>cfr.</strong></span> <span class='ocrx_word' id='word_1_224' title='bbox 1684 1349 1829 1389; x_wconf 88' lang='lat' dir='ltr'><strong>Phaed.</strong></span> <span class='ocrx_word' id='word_1_225' title='bbox 1880 1350 2001 1403; x_wconf 86' lang='lat' dir='ltr'><strong>Quod</strong></span> <span class='ocrx_word' id='word_1_226' title='bbox 2028 1357 2156 1391; x_wconf 91' lang='lat' dir='ltr'><strong>autem</strong></span> <span class='ocrx_word' id='word_1_227' title='bbox 2185 1349 2381 1399; x_wconf 86' lang='lat' dir='ltr'><strong>nonnulli,</strong></span> 
     </span>
     <span class='ocr_line' id='line_1_25' title="bbox 162 1425 2383 1481; baseline 0 -15"><span class='ocrx_word' id='word_1_228' title='bbox 162 1434 207 1467; x_wconf 90' lang='lat' dir='ltr'><strong>ut</strong></span> <span class='ocrx_word' id='word_1_229' title='bbox 235 1427 426 1475; x_wconf 91' lang='lat' dir='ltr'><strong>Zellerus,</strong></span> <span class='ocrx_word' id='word_1_230' title='bbox 455 1427 601 1474; x_wconf 88' lang='lat' dir='ltr'><strong>dicunt,</strong></span> <span class='ocrx_word' id='word_1_231' title='bbox 630 1440 713 1465; x_wconf 87' lang='lat' dir='ltr'><strong>non</strong></span> <span class='ocrx_word' id='word_1_232' title='bbox 741 1427 920 1474; x_wconf 89' lang='lat' dir='ltr'><strong>hominis,</strong></span> <span class='ocrx_word' id='word_1_233' title='bbox 949 1425 1020 1464; x_wconf 89' lang='lat' dir='ltr'><strong>sed</strong></span> <span class='ocrx_word' id='word_1_234' title='bbox 1048 1426 1112 1464; x_wconf 91' lang='lat' dir='ltr'><strong>dei</strong></span> <span class='ocrx_word' id='word_1_235' title='bbox 1140 1426 1401 1465; x_wconf 85' lang='lat' dir='ltr'><strong>universalem</strong></span> <span class='ocrx_word' id='word_1_236' title='bbox 1432 1429 1637 1465; x_wconf 86' lang='lat' dir='ltr'><strong>essentiam</strong></span> <span class='ocrx_word' id='word_1_237' title='bbox 1665 1428 1804 1465; x_wconf 88' lang='lat' dir='ltr'><strong>mentis</strong></span> <span class='ocrx_word' id='word_1_238' title='bbox 1836 1428 2004 1465; x_wconf 91' lang='lat' dir='ltr'><strong>notione</strong></span> <span class='ocrx_word' id='word_1_239' title='bbox 2030 1428 2238 1480; x_wconf 83' lang='lat' dir='ltr'><strong>proposita</strong></span> <span class='ocrx_word' id='word_1_240' title='bbox 2262 1428 2383 1481; x_wconf 83' lang='lat' dir='ltr'><strong>signi-</strong></span> 
     </span>
     <span class='ocr_line' id='line_1_26' title="bbox 160 1501 2381 1554; baseline 0 -12"><span class='ocrx_word' id='word_1_241' title='bbox 160 1503 281 1543; x_wconf 88' lang='lat' dir='ltr'><strong>ficare</strong></span> <span class='ocrx_word' id='word_1_242' title='bbox 306 1503 482 1543; x_wconf 87' lang='lat' dir='ltr'><strong>voluisse</strong></span> <span class='ocrx_word' id='word_1_243' title='bbox 510 1502 783 1549; x_wconf 85' lang='lat' dir='ltr'><strong>Aristotelem,</strong></span> <span class='ocrx_word' id='word_1_244' title='bbox 822 1504 859 1541; x_wconf 91' lang='lat' dir='ltr'><strong>ei</strong></span> <span class='ocrx_word' id='word_1_245' title='bbox 887 1501 1021 1541; x_wconf 89' lang='lat' dir='ltr'><strong>obstat</strong></span> <span class='ocrx_word' id='word_1_246' title='bbox 1047 1501 1163 1549; x_wconf 91' lang='lat' dir='ltr'><strong>illud,</strong></span> <span class='ocrx_word' id='word_1_247' title='bbox 1201 1501 1310 1554; x_wconf 92' lang='lat' dir='ltr'><strong>quod</strong></span> <span class='ocrx_word' id='word_1_248' title='bbox 1339 1502 1574 1542; x_wconf 87' lang='lat' dir='ltr'><strong>Aristoteles</strong></span> <span class='ocrx_word' id='word_1_249' title='bbox 1604 1502 1757 1541; x_wconf 86' lang='lat' dir='ltr'><strong>disertis</strong></span> <span class='ocrx_word' id='word_1_250' title='bbox 1785 1502 1917 1541; x_wconf 81' lang='lat' dir='ltr'><strong>verbis</strong></span> <span class='ocrx_word' id='word_1_251' title='bbox 1946 1502 2058 1551; x_wconf 90' lang='lat' dir='ltr'><strong>dicit,</strong></span> <span class='ocrx_word' id='word_1_252' title='bbox 2093 1505 2235 1542; x_wconf 80' lang='lat' dir='ltr'><strong>mentis</strong></span> <span class='ocrx_word' id='word_1_253' title='bbox 2259 1504 2381 1542; x_wconf 73' lang='lat' dir='ltr'><strong>vitam</strong></span> 
     </span>
     <span class='ocr_line' id='line_1_27' title="bbox 160 1574 2380 1633; baseline -0 -14"><span class='ocrx_word' id='word_1_254' title='bbox 160 1581 363 1633; x_wconf 88' lang='lat' dir='ltr'><strong>propriam</strong></span> <span class='ocrx_word' id='word_1_255' title='bbox 390 1593 477 1619; x_wconf 90' lang='lat' dir='ltr'><strong>esse</strong></span> <span class='ocrx_word' id='word_1_256' title='bbox 503 1581 694 1631; x_wconf 90' lang='lat' dir='ltr'><strong>cuiusque</strong></span> <span class='ocrx_word' id='word_1_257' title='bbox 714 1580 933 1619; x_wconf 89' lang='lat' dir='ltr'><strong>essentiam.</strong></span> <span class='ocrx_word' id='word_1_258' title='bbox 980 1578 1067 1618; x_wconf 88' lang='lat' dir='ltr'><strong>Eth.</strong></span> <span class='ocrx_word' id='word_1_259' title='bbox 1087 1578 1243 1618; x_wconf 88' lang='lat' dir='ltr'><strong>Nicom.</strong></span> <span class='ocrx_word' id='word_1_260' title='bbox 1262 1579 1307 1618; x_wconf 91' lang='lat' dir='ltr'><strong>X.</strong></span> <span class='ocrx_word' id='word_1_261' title='bbox 1331 1580 1365 1618; x_wconf 90' lang='lat'><strong>7.</strong></span> <span class='ocrx_word' id='word_1_262' title='bbox 1394 1578 1461 1618; x_wconf 85' lang='lat' dir='ltr'><strong>lx.</strong></span> <span class='ocrx_word' id='word_1_263' title='bbox 1485 1580 1521 1619; x_wconf 78' lang='lat'><strong>4.</strong></span> <span class='ocrx_word' id='word_1_264' title='bbox 1551 1576 1675 1627; x_wconf 80' lang='grc' dir='ltr'><strong><em>δόξειε</em></strong></span> <span class='ocrx_word' id='word_1_265' title='bbox 1703 1576 1740 1618; x_wconf 81' lang='grc' dir='ltr'><strong>δ’</strong></span> <span class='ocrx_word' id='word_1_266' title='bbox 1765 1575 1818 1618; x_wconf 77' lang='grc' dir='ltr'><strong><em>ἂν</em></strong></span> <span class='ocrx_word' id='word_1_267' title='bbox 1847 1574 1895 1618; x_wconf 84' lang='grc' dir='ltr'><strong>τὸ</strong></span> <span class='ocrx_word' id='word_1_268' title='bbox 1922 1581 2045 1619; x_wconf 84' lang='grc' dir='ltr'><strong><em>νοοῦν</em></strong></span> <span class='ocrx_word' id='word_1_269' title='bbox 2072 1582 2236 1626; x_wconf 76' lang='grc' dir='ltr'><strong><em>ἕκαστος</em></strong></span> <span class='ocrx_word' id='word_1_270' title='bbox 2263 1575 2380 1619; x_wconf 71' lang='grc' dir='ltr'><strong><em>εἶναι.</em></strong></span> 
     </span>
     <span class='ocr_line' id='line_1_28' title="bbox 159 1654 2381 1710; baseline 0 -15"><span class='ocrx_word' id='word_1_271' title='bbox 159 1657 262 1696; x_wconf 85' lang='lat' dir='ltr'><strong>Nam</strong></span> <span class='ocrx_word' id='word_1_272' title='bbox 291 1657 364 1695; x_wconf 89' lang='lat' dir='ltr'><strong>etsi</strong></span> <span class='ocrx_word' id='word_1_273' title='bbox 390 1657 529 1710; x_wconf 88' lang='lat' dir='ltr'><strong>negari</strong></span> <span class='ocrx_word' id='word_1_274' title='bbox 555 1668 638 1695; x_wconf 89' lang='lat' dir='ltr'><strong>non</strong></span> <span class='ocrx_word' id='word_1_275' title='bbox 666 1657 824 1708; x_wconf 91' lang='lat' dir='ltr'><strong>poterit,</strong></span> <span class='ocrx_word' id='word_1_276' title='bbox 852 1660 1021 1694; x_wconf 91' lang='lat' dir='ltr'><strong>mentem</strong></span> <span class='ocrx_word' id='word_1_277' title='bbox 1050 1667 1137 1693; x_wconf 87' lang='lat' dir='ltr'><strong>esse</strong></span> <span class='ocrx_word' id='word_1_278' title='bbox 1164 1654 1388 1694; x_wconf 88' lang='lat' dir='ltr'><strong>universale</strong></span> <span class='ocrx_word' id='word_1_279' title='bbox 1416 1654 1611 1708; x_wconf 89' lang='lat' dir='ltr'><strong>quiddam,</strong></span> <span class='ocrx_word' id='word_1_280' title='bbox 1641 1661 1769 1694; x_wconf 89' lang='lat' dir='ltr'><strong>tamen</strong></span> <span class='ocrx_word' id='word_1_281' title='bbox 1797 1654 1902 1694; x_wconf 88' lang='lat' dir='ltr'><strong>idem</strong></span> <span class='ocrx_word' id='word_1_282' title='bbox 1927 1654 2026 1694; x_wconf 91' lang='lat' dir='ltr'><strong>illud</strong></span> <span class='ocrx_word' id='word_1_283' title='bbox 2048 1654 2274 1696; x_wconf 86' lang='lat' dir='ltr'><strong>universale</strong></span> <span class='ocrx_word' id='word_1_284' title='bbox 2291 1667 2381 1695; x_wconf 84' lang='lat' dir='ltr'><strong>cum</strong></span> 
     </span>
     <span class='ocr_line' id='line_1_29' title="bbox 161 1730 2380 1785; baseline 0 -14"><span class='ocrx_word' id='word_1_285' title='bbox 161 1745 221 1779; x_wconf 91' lang='lat' dir='ltr'><strong>eo,</strong></span> <span class='ocrx_word' id='word_1_286' title='bbox 250 1731 359 1783; x_wconf 91' lang='lat' dir='ltr'><strong>quod</strong></span> <span class='ocrx_word' id='word_1_287' title='bbox 385 1731 586 1785; x_wconf 86' lang='lat' dir='ltr'><strong>singulare</strong></span> <span class='ocrx_word' id='word_1_288' title='bbox 615 1738 684 1779; x_wconf 89' lang='lat' dir='ltr'><strong>est,</strong></span> <span class='ocrx_word' id='word_1_289' title='bbox 712 1733 766 1770; x_wconf 91' lang='lat' dir='ltr'><strong>ita</strong></span> <span class='ocrx_word' id='word_1_290' title='bbox 793 1733 834 1770; x_wconf 91' lang='lat' dir='ltr'><strong>in</strong></span> <span class='ocrx_word' id='word_1_291' title='bbox 855 1745 976 1770; x_wconf 89' lang='lat' dir='ltr'><strong>unum</strong></span> <span class='ocrx_word' id='word_1_292' title='bbox 996 1730 1204 1770; x_wconf 88' lang='lat' dir='ltr'><strong>collectum</strong></span> <span class='ocrx_word' id='word_1_293' title='bbox 1225 1737 1343 1782; x_wconf 89' lang='lat' dir='ltr'><strong>atque</strong></span> <span class='ocrx_word' id='word_1_294' title='bbox 1363 1731 1589 1783; x_wconf 88' lang='lat' dir='ltr'><strong>copulatum</strong></span> <span class='ocrx_word' id='word_1_295' title='bbox 1611 1738 1678 1779; x_wconf 92' lang='lat' dir='ltr'><strong>est,</strong></span> <span class='ocrx_word' id='word_1_296' title='bbox 1706 1738 1752 1770; x_wconf 91' lang='lat' dir='ltr'><strong>ut</strong></span> <span class='ocrx_word' id='word_1_297' title='bbox 1771 1733 1811 1769; x_wconf 92' lang='lat' dir='ltr'><strong>in</strong></span> <span class='ocrx_word' id='word_1_298' title='bbox 1833 1733 2025 1770; x_wconf 89' lang='lat' dir='ltr'><strong>essentiae</strong></span> <span class='ocrx_word' id='word_1_299' title='bbox 2041 1733 2211 1771; x_wconf 90' lang='lat' dir='ltr'><strong>notione</strong></span> <span class='ocrx_word' id='word_1_300' title='bbox 2230 1738 2380 1771; x_wconf 69' lang='lat' dir='ltr'><strong>uti-um-</strong></span> 
     </span>
     <span class='ocr_line' id='line_1_30' title="bbox 162 1805 2077 1861; baseline -0.001 -14"><span class='ocrx_word' id='word_1_301' title='bbox 162 1821 240 1860; x_wconf 91' lang='lat' dir='ltr'><strong>que</strong></span> <span class='ocrx_word' id='word_1_302' title='bbox 266 1808 371 1855; x_wconf 88' lang='lat' dir='ltr'><strong>insit,</strong></span> <span class='ocrx_word' id='word_1_303' title='bbox 400 1805 442 1846; x_wconf 90' lang='lat' dir='ltr'><strong>id</strong></span> <span class='ocrx_word' id='word_1_304' title='bbox 470 1805 579 1858; x_wconf 91' lang='lat' dir='ltr'><strong>quod</strong></span> <span class='ocrx_word' id='word_1_305' title='bbox 606 1808 647 1846; x_wconf 90' lang='lat' dir='ltr'><strong>in</strong></span> <span class='ocrx_word' id='word_1_306' title='bbox 677 1805 903 1861; x_wconf 89' lang='lat' dir='ltr'><strong>Categoriis</strong></span> <span class='ocrx_word' id='word_1_307' title='bbox 933 1812 973 1846; x_wconf 93' lang='lat' dir='ltr'><strong>et</strong></span> <span class='ocrx_word' id='word_1_308' title='bbox 1000 1805 1284 1859; x_wconf 85' lang='lat' dir='ltr'><strong>Metaphysicis</strong></span> <span class='ocrx_word' id='word_1_309' title='bbox 1313 1805 1361 1846; x_wconf 91' lang='lat' dir='ltr'><strong>ab</strong></span> <span class='ocrx_word' id='word_1_310' title='bbox 1390 1807 1606 1847; x_wconf 85' lang='lat' dir='ltr'><strong>Aristotele</strong></span> <span class='ocrx_word' id='word_1_311' title='bbox 1635 1808 1727 1846; x_wconf 88' lang='lat' dir='ltr'><strong>satis</strong></span> <span class='ocrx_word' id='word_1_312' title='bbox 1758 1808 1978 1860; x_wconf 85' lang='lat' dir='ltr'><strong>expositum</strong></span> <span class='ocrx_word' id='word_1_313' title='bbox 2007 1813 2077 1846; x_wconf 88' lang='lat' dir='ltr'><strong>est.</strong></span> 
     </span>
    </p>

    <p class='ocr_par' dir='ltr' id='par_1_6' title="bbox 159 1881 2383 2996">
     <span class='ocr_line' id='line_1_31' title="bbox 346 1881 2381 1936; baseline 0 -15"><span class='ocrx_word' id='word_1_314' title='bbox 346 1882 427 1921; x_wconf 91' lang='lat' dir='ltr'><strong>Sed</strong></span> <span class='ocrx_word' id='word_1_315' title='bbox 453 1882 501 1920; x_wconf 91' lang='lat' dir='ltr'><strong>ab</strong></span> <span class='ocrx_word' id='word_1_316' title='bbox 531 1896 577 1921; x_wconf 88' lang='lat' dir='ltr'><strong>ea</strong></span> <span class='ocrx_word' id='word_1_317' title='bbox 605 1885 792 1930; x_wconf 88' lang='lat' dir='ltr'><strong>essentia,</strong></span> <span class='ocrx_word' id='word_1_318' title='bbox 822 1895 924 1934; x_wconf 90' lang='lat' dir='ltr'><strong>quae</strong></span> <span class='ocrx_word' id='word_1_319' title='bbox 951 1884 993 1920; x_wconf 90' lang='lat' dir='ltr'><strong>in</strong></span> <span class='ocrx_word' id='word_1_320' title='bbox 1021 1884 1317 1935; x_wconf 83' lang='lat' dir='ltr'><strong>generationem</strong></span> <span class='ocrx_word' id='word_1_321' title='bbox 1348 1882 1468 1931; x_wconf 88' lang='lat' dir='ltr'><strong>cadit,</strong></span> <span class='ocrx_word' id='word_1_322' title='bbox 1499 1896 1545 1922; x_wconf 88' lang='lat' dir='ltr'><strong>ea</strong></span> <span class='ocrx_word' id='word_1_323' title='bbox 1574 1884 1741 1921; x_wconf 88' lang='lat' dir='ltr'><strong>essentia</strong></span> <span class='ocrx_word' id='word_1_324' title='bbox 1770 1881 2049 1936; x_wconf 87' lang='lat' dir='ltr'><strong>distinguenda</strong></span> <span class='ocrx_word' id='word_1_325' title='bbox 2077 1887 2147 1931; x_wconf 89' lang='lat' dir='ltr'><strong>est,</strong></span> <span class='ocrx_word' id='word_1_326' title='bbox 2181 1895 2284 1935; x_wconf 88' lang='lat' dir='ltr'><strong>quae</strong></span> <span class='ocrx_word' id='word_1_327' title='bbox 2309 1884 2381 1931; x_wconf 79' lang='lat' dir='ltr'><strong>rei,</strong></span> 
     </span>
     <span class='ocr_line' id='line_1_32' title="bbox 163 1956 2382 2013; baseline 0 -17"><span class='ocrx_word' id='word_1_328' title='bbox 163 1971 263 2011; x_wconf 92' lang='lat' dir='ltr'><strong>quae</strong></span> <span class='ocrx_word' id='word_1_329' title='bbox 291 1965 521 2013; x_wconf 88' lang='lat' dir='ltr'><strong>generatur,</strong></span> <span class='ocrx_word' id='word_1_330' title='bbox 558 1964 752 2010; x_wconf 85' lang='lat' dir='ltr'><strong>tamquam</strong></span> <span class='ocrx_word' id='word_1_331' title='bbox 788 1960 912 2011; x_wconf 89' lang='lat' dir='ltr'><strong>prima</strong></span> <span class='ocrx_word' id='word_1_332' title='bbox 949 1957 1123 1996; x_wconf 90' lang='lat' dir='ltr'><strong>eiusdem</strong></span> <span class='ocrx_word' id='word_1_333' title='bbox 1152 1971 1288 2003; x_wconf 87' lang='lat' dir='ltr'><strong>causa,</strong></span> <span class='ocrx_word' id='word_1_334' title='bbox 1326 1957 1474 1997; x_wconf 90' lang='lat' dir='ltr'><strong>subest.</strong></span> <span class='ocrx_word' id='word_1_335' title='bbox 1527 1958 1641 1997; x_wconf 90' lang='lat' dir='ltr'><strong>Hanc</strong></span> <span class='ocrx_word' id='word_1_336' title='bbox 1675 1959 1778 1997; x_wconf 88' lang='lat' dir='ltr'><strong>enim</strong></span> <span class='ocrx_word' id='word_1_337' title='bbox 1818 1960 2024 1998; x_wconf 88' lang='lat' dir='ltr'><strong>essentiam</strong></span> <span class='ocrx_word' id='word_1_338' title='bbox 2061 1959 2116 1997; x_wconf 91' lang='lat' dir='ltr'><strong>ait</strong></span> <span class='ocrx_word' id='word_1_339' title='bbox 2143 1956 2382 1997; x_wconf 81' lang='lat' dir='ltr'><strong>Aristoteles</strong></span> 
     </span>
     <span class='ocr_line' id='line_1_33' title="bbox 161 2027 2383 2087; baseline -0 -13"><span class='ocrx_word' id='word_1_340' title='bbox 161 2041 302 2074; x_wconf 85' lang='lat' dir='ltr'><strong>natura</strong></span> <span class='ocrx_word' id='word_1_341' title='bbox 329 2037 504 2086; x_wconf 89' lang='lat' dir='ltr'><strong>priorem</strong></span> <span class='ocrx_word' id='word_1_342' title='bbox 534 2048 630 2081; x_wconf 90' lang='lat' dir='ltr'><strong>esse,</strong></span> <span class='ocrx_word' id='word_1_343' title='bbox 661 2048 762 2086; x_wconf 88' lang='lat' dir='ltr'><strong>quae</strong></span> <span class='ocrx_word' id='word_1_344' title='bbox 791 2036 1059 2087; x_wconf 85' lang='lat' dir='ltr'><strong>generationis</strong></span> <span class='ocrx_word' id='word_1_345' title='bbox 1088 2036 1139 2072; x_wconf 89' lang='lat' dir='ltr'><strong>sit</strong></span> <span class='ocrx_word' id='word_1_346' title='bbox 1165 2036 1375 2085; x_wconf 86' lang='lat' dir='ltr'><strong>particeps.</strong></span> <span class='ocrx_word' id='word_1_347' title='bbox 1421 2035 1550 2085; x_wconf 87' lang='lat' dir='ltr'><strong>Atque</strong></span> <span class='ocrx_word' id='word_1_348' title='bbox 1579 2034 1676 2073; x_wconf 87' lang='lat' dir='ltr'><strong>haec</strong></span> <span class='ocrx_word' id='word_1_349' title='bbox 1703 2034 1861 2085; x_wconf 87' lang='lat' dir='ltr'><strong>quidem</strong></span> <span class='ocrx_word' id='word_1_350' title='bbox 1885 2036 2054 2073; x_wconf 83' lang='lat' dir='ltr'><strong>essentia</strong></span> <span class='ocrx_word' id='word_1_351' title='bbox 2081 2030 2154 2082; x_wconf 79' lang='grc' dir='ltr'><strong>(τὸ</strong></span> <span class='ocrx_word' id='word_1_352' title='bbox 2182 2035 2222 2073; x_wconf 75' lang='grc' dir='ltr'><strong>τί</strong></span> <span class='ocrx_word' id='word_1_353' title='bbox 2248 2027 2302 2081; x_wconf 80' lang='grc' dir='ltr'><strong><em>ἦν</em></strong></span> <span class='ocrx_word' id='word_1_354' title='bbox 2327 2031 2383 2072; x_wconf 75' lang='grc' dir='ltr'><strong>εἶ-</strong></span> 
     </span>
     <span class='ocr_line' id='line_1_34' title="bbox 161 2108 2380 2162; baseline -0 -14"><span class='ocrx_word' id='word_1_355' title='bbox 161 2112 253 2159; x_wconf 91' lang='grc' dir='ltr'><strong><em>ναι)</em></strong></span> <span class='ocrx_word' id='word_1_356' title='bbox 289 2116 477 2162; x_wconf 90' lang='lat' dir='ltr'><strong>quantum</strong></span> <span class='ocrx_word' id='word_1_357' title='bbox 515 2108 697 2162; x_wconf 91' lang='lat' dir='ltr'><strong>equidem</strong></span> <span class='ocrx_word' id='word_1_358' title='bbox 733 2108 869 2157; x_wconf 90' lang='lat' dir='ltr'><strong>video,</strong></span> <span class='ocrx_word' id='word_1_359' title='bbox 908 2108 1040 2148; x_wconf 85' lang='lat' dir='ltr'><strong>divina</strong></span> <span class='ocrx_word' id='word_1_360' title='bbox 1076 2115 1137 2148; x_wconf 88' lang='lat' dir='ltr'><strong>est</strong></span> <span class='ocrx_word' id='word_1_361' title='bbox 1163 2111 1295 2157; x_wconf 92' lang='lat' dir='ltr'><strong>notio,</strong></span> <span class='ocrx_word' id='word_1_362' title='bbox 1330 2111 1414 2148; x_wconf 86' lang='lat' dir='ltr'><strong>sive</strong></span> <span class='ocrx_word' id='word_1_363' title='bbox 1442 2110 1631 2162; x_wconf 88' lang='lat' dir='ltr'><strong>cogitatio</strong></span> <span class='ocrx_word' id='word_1_364' title='bbox 1661 2122 1795 2149; x_wconf 86' lang='lat' dir='ltr'><strong>earum</strong></span> <span class='ocrx_word' id='word_1_365' title='bbox 1823 2123 1952 2150; x_wconf 89' lang='lat' dir='ltr'><strong>rerum</strong></span> <span class='ocrx_word' id='word_1_366' title='bbox 1982 2111 2173 2157; x_wconf 87' lang='lat' dir='ltr'><strong>omnium,</strong></span> <span class='ocrx_word' id='word_1_367' title='bbox 2207 2121 2310 2161; x_wconf 82' lang='lat' dir='ltr'><strong>quae</strong></span> <span class='ocrx_word' id='word_1_368' title='bbox 2336 2110 2380 2147; x_wconf 89' lang='lat' dir='ltr'><strong>in</strong></span> 
     </span>
     <span class='ocr_line' id='line_1_35' title="bbox 161 2182 2379 2240; baseline 0 -17"><span class='ocrx_word' id='word_1_369' title='bbox 161 2190 273 2224; x_wconf 91' lang='lat' dir='ltr'><strong>motu</strong></span> <span class='ocrx_word' id='word_1_370' title='bbox 306 2199 352 2225; x_wconf 90' lang='lat' dir='ltr'><strong>ac</strong></span> <span class='ocrx_word' id='word_1_371' title='bbox 385 2187 645 2240; x_wconf 87' lang='lat' dir='ltr'><strong>generatione</strong></span> <span class='ocrx_word' id='word_1_372' title='bbox 678 2190 906 2233; x_wconf 86' lang='lat' dir='ltr'><strong>versantur,</strong></span> <span class='ocrx_word' id='word_1_373' title='bbox 944 2183 1168 2236; x_wconf 67' lang='lat' dir='ltr'><strong>eademquev</strong></span> <span class='ocrx_word' id='word_1_374' title='bbox 1194 2183 1407 2224; x_wconf 89' lang='lat' dir='ltr'><strong>earundem</strong></span> <span class='ocrx_word' id='word_1_375' title='bbox 1442 2184 1620 2223; x_wconf 81' lang='lat' dir='ltr'><strong>effectrix</strong></span> <span class='ocrx_word' id='word_1_376' title='bbox 1655 2198 1700 2223; x_wconf 87' lang='lat' dir='ltr'><strong>ac</strong></span> <span class='ocrx_word' id='word_1_377' title='bbox 1733 2187 1859 2238; x_wconf 87' lang='lat' dir='ltr'><strong>prima</strong></span> <span class='ocrx_word' id='word_1_378' title='bbox 1894 2198 2023 2225; x_wconf 89' lang='lat' dir='ltr'><strong>causa.</strong></span> <span class='ocrx_word' id='word_1_379' title='bbox 2078 2185 2195 2237; x_wconf 86' lang='lat' dir='ltr'><strong>Quae</strong></span> <span class='ocrx_word' id='word_1_380' title='bbox 2222 2182 2379 2237; x_wconf 82' lang='lat' dir='ltr'><strong>quidem</strong></span> 
     </span>
     <span class='ocr_line' id='line_1_36' title="bbox 161 2258 2377 2314; baseline -0 -14"><span class='ocrx_word' id='word_1_381' title='bbox 161 2262 287 2310; x_wconf 90' lang='lat' dir='ltr'><strong>notio,</strong></span> <span class='ocrx_word' id='word_1_382' title='bbox 318 2263 392 2301; x_wconf 88' lang='lat' dir='ltr'><strong>etsi</strong></span> <span class='ocrx_word' id='word_1_383' title='bbox 419 2275 493 2314; x_wconf 91' lang='lat' dir='ltr'><strong>per</strong></span> <span class='ocrx_word' id='word_1_384' title='bbox 520 2274 564 2302; x_wconf 90' lang='lat' dir='ltr'><strong>se</strong></span> <span class='ocrx_word' id='word_1_385' title='bbox 592 2260 803 2301; x_wconf 90' lang='lat' dir='ltr'><strong>immobilis</strong></span> <span class='ocrx_word' id='word_1_386' title='bbox 832 2267 873 2300; x_wconf 91' lang='lat' dir='ltr'><strong>et</strong></span> <span class='ocrx_word' id='word_1_387' title='bbox 899 2260 1060 2309; x_wconf 86' lang='lat' dir='ltr'><strong>stabilis,</strong></span> <span class='ocrx_word' id='word_1_388' title='bbox 1089 2262 1356 2314; x_wconf 88' lang='lat' dir='ltr'><strong>generationis</strong></span> <span class='ocrx_word' id='word_1_389' title='bbox 1385 2267 1512 2300; x_wconf 88' lang='lat' dir='ltr'><strong>tamen</strong></span> <span class='ocrx_word' id='word_1_390' title='bbox 1541 2273 1587 2299; x_wconf 92' lang='lat' dir='ltr'><strong>ac</strong></span> <span class='ocrx_word' id='word_1_391' title='bbox 1613 2266 1744 2300; x_wconf 86' lang='lat' dir='ltr'><strong>motus</strong></span> <span class='ocrx_word' id='word_1_392' title='bbox 1772 2261 1821 2301; x_wconf 88' lang='lat' dir='ltr'><strong>fit</strong></span> <span class='ocrx_word' id='word_1_393' title='bbox 1846 2263 2056 2314; x_wconf 77' lang='lat' dir='ltr'><strong>particeps.</strong></span> <span class='ocrx_word' id='word_1_394' title='bbox 2097 2260 2269 2312; x_wconf 80' lang='lat' dir='ltr'><strong>Metaph.</strong></span> <span class='ocrx_word' id='word_1_395' title='bbox 2288 2258 2377 2299; x_wconf 83' lang='lat' dir='ltr'><strong>Vn.</strong></span> 
     </span>
     <span class='ocr_line' id='line_1_37' title="bbox 161 2330 2379 2389; baseline 0 -16"><span class='ocrx_word' id='word_1_396' title='bbox 161 2336 230 2375; x_wconf 86' lang='grc' dir='ltr'><strong><em>καὶ</em></strong></span> <span class='ocrx_word' id='word_1_397' title='bbox 257 2331 304 2375; x_wconf 84' lang='grc' dir='ltr'><strong>τὸ</strong></span> <span class='ocrx_word' id='word_1_398' title='bbox 333 2336 382 2374; x_wconf 74' lang='grc' dir='ltr'><strong>τί</strong></span> <span class='ocrx_word' id='word_1_399' title='bbox 399 2330 451 2384; x_wconf 86' lang='grc' dir='ltr'><strong><em>ἦν</em></strong></span> <span class='ocrx_word' id='word_1_400' title='bbox 481 2335 583 2376; x_wconf 83' lang='grc' dir='ltr'><strong><em>εἶναι</em></strong></span> <span class='ocrx_word' id='word_1_401' title='bbox 609 2338 766 2388; x_wconf 76' lang='grc' dir='ltr'><strong><em>λέγεται</em></strong></span> <span class='ocrx_word' id='word_1_402' title='bbox 794 2332 897 2375; x_wconf 82' lang='grc' dir='ltr'><strong><em>εἶναι</em></strong></span> <span class='ocrx_word' id='word_1_403' title='bbox 923 2334 948 2384; x_wconf 80' lang='grc' dir='ltr'><em>ἡ</em></span> <span class='ocrx_word' id='word_1_404' title='bbox 977 2332 1149 2376; x_wconf 78' lang='grc' dir='ltr'><strong><em>ἑκάστου</em></strong></span> <span class='ocrx_word' id='word_1_405' title='bbox 1177 2334 1307 2375; x_wconf 80' lang='grc' dir='ltr'><strong><em>οὐσία.</em></strong></span> <span class='ocrx_word' id='word_1_406' title='bbox 1339 2358 1388 2366; x_wconf 92' lang='lat'><em>-</em></span> <span class='ocrx_word' id='word_1_407' title='bbox 1425 2331 1607 2389; x_wconf 82' lang='grc' dir='ltr'><strong><em>φανερὸν</em></strong></span> <span class='ocrx_word' id='word_1_408' title='bbox 1643 2332 1692 2383; x_wconf 83' lang='grc' dir='ltr'><strong>δὴ</strong></span> <span class='ocrx_word' id='word_1_409' title='bbox 1720 2338 1764 2375; x_wconf 76' lang='grc' dir='ltr'><strong>ἐκ</strong></span> <span class='ocrx_word' id='word_1_410' title='bbox 1789 2339 1870 2377; x_wconf 83' lang='grc' dir='ltr'><strong><em>τῶν</em></strong></span> <span class='ocrx_word' id='word_1_411' title='bbox 1897 2339 2116 2389; x_wconf 72' lang='grc' dir='ltr'><strong><em>εἰρημένων</em></strong></span> <span class='ocrx_word' id='word_1_412' title='bbox 2142 2333 2204 2375; x_wconf 87' lang='grc' dir='ltr'><strong>ὅτι</strong></span> <span class='ocrx_word' id='word_1_413' title='bbox 2229 2330 2276 2374; x_wconf 82' lang='grc' dir='ltr'><strong>τό</strong></span> <span class='ocrx_word' id='word_1_414' title='bbox 2302 2335 2379 2386; x_wconf 74' lang='grc' dir='ltr'><strong><em>μὲν</em></strong></span> 
     </span>
     <span class='ocr_line' id='line_1_38' title="bbox 162 2407 2378 2465; baseline 0 -17"><span class='ocrx_word' id='word_1_415' title='bbox 162 2408 216 2457; x_wconf 83' lang='grc' dir='ltr'><strong>ὡς</strong></span> <span class='ocrx_word' id='word_1_416' title='bbox 244 2408 348 2458; x_wconf 80' lang='grc' dir='ltr'><strong><em>εἶδος</em></strong></span> <span class='ocrx_word' id='word_1_417' title='bbox 374 2407 402 2459; x_wconf 89' lang='grc' dir='ltr'><em>ἢ</em></span> <span class='ocrx_word' id='word_1_418' title='bbox 428 2410 548 2451; x_wconf 86' lang='grc' dir='ltr'><strong><em>οὐσία</em></strong></span> <span class='ocrx_word' id='word_1_419' title='bbox 575 2409 793 2463; x_wconf 80' lang='grc' dir='ltr'><strong><em>λεγόμενον</em></strong></span> <span class='ocrx_word' id='word_1_420' title='bbox 821 2409 870 2451; x_wconf 89' lang='grc' dir='ltr'><strong>οὐ</strong></span> <span class='ocrx_word' id='word_1_421' title='bbox 895 2413 1089 2463; x_wconf 77' lang='grc' dir='ltr'><strong><em>γίγνεται,</em></strong></span> <span class='ocrx_word' id='word_1_422' title='bbox 1123 2409 1148 2461; x_wconf 85' lang='grc' dir='ltr'><em>ἡ</em></span> <span class='ocrx_word' id='word_1_423' title='bbox 1178 2412 1220 2451; x_wconf 79' lang='grc' dir='ltr'><strong>δὲ</strong></span> <span class='ocrx_word' id='word_1_424' title='bbox 1247 2408 1417 2457; x_wconf 83' lang='grc' dir='ltr'><strong><em>σύνοδος</em></strong></span> <span class='ocrx_word' id='word_1_425' title='bbox 1443 2409 1469 2459; x_wconf 85' lang='grc' dir='ltr'><strong><em>ἡ</em></strong></span> <span class='ocrx_word' id='word_1_426' title='bbox 1496 2407 1602 2450; x_wconf 80' lang='grc' dir='ltr'><strong><em>κατὰ</em></strong></span> <span class='ocrx_word' id='word_1_427' title='bbox 1630 2408 1783 2461; x_wconf 83' lang='grc' dir='ltr'><strong><em>ταύτην</em></strong></span> <span class='ocrx_word' id='word_1_428' title='bbox 1808 2413 2003 2465; x_wconf 75' lang='grc' dir='ltr'><strong><em>λεγομένη</em></strong></span> <span class='ocrx_word' id='word_1_429' title='bbox 2031 2413 2217 2464; x_wconf 77' lang='grc' dir='ltr'><strong><em>γίγνεται.</em></strong></span> <span class='ocrx_word' id='word_1_430' title='bbox 2271 2409 2378 2459; x_wconf 88' lang='lat' dir='ltr'><strong>(Sed</strong></span> 
     </span>
     <span class='ocr_line' id='line_1_39' title="bbox 163 2485 2377 2538; baseline 0 -14"><span class='ocrx_word' id='word_1_431' title='bbox 163 2485 213 2524; x_wconf 91' lang='lat' dir='ltr'><strong>de</strong></span> <span class='ocrx_word' id='word_1_432' title='bbox 248 2485 308 2524; x_wconf 84' lang='lat' dir='ltr'><strong>his</strong></span> <span class='ocrx_word' id='word_1_433' title='bbox 344 2492 453 2525; x_wconf 86' lang='lat' dir='ltr'><strong>totus</strong></span> <span class='ocrx_word' id='word_1_434' title='bbox 484 2486 588 2525; x_wconf 87' lang='lat' dir='ltr'><strong>liber</strong></span> <span class='ocrx_word' id='word_1_435' title='bbox 615 2488 704 2525; x_wconf 84' lang='lat' dir='ltr'><strong>VII.</strong></span> <span class='ocrx_word' id='word_1_436' title='bbox 733 2487 907 2538; x_wconf 89' lang='lat' dir='ltr'><strong>Metaph.</strong></span> <span class='ocrx_word' id='word_1_437' title='bbox 936 2487 1200 2526; x_wconf 81' lang='lat' dir='ltr'><strong>conferendus</strong></span> <span class='ocrx_word' id='word_1_438' title='bbox 1229 2488 1325 2534; x_wconf 88' lang='lat' dir='ltr'><strong>est.)</strong></span> <span class='ocrx_word' id='word_1_439' title='bbox 1380 2487 1466 2524; x_wconf 91' lang='lat' dir='ltr'><strong>Nos</strong></span> <span class='ocrx_word' id='word_1_440' title='bbox 1501 2485 1581 2524; x_wconf 88' lang='lat' dir='ltr'><strong>hoc</strong></span> <span class='ocrx_word' id='word_1_441' title='bbox 1616 2486 1773 2537; x_wconf 86' lang='lat' dir='ltr'><strong>quidem</strong></span> <span class='ocrx_word' id='word_1_442' title='bbox 1807 2488 1901 2527; x_wconf 89' lang='lat' dir='ltr'><strong>loco</strong></span> <span class='ocrx_word' id='word_1_443' title='bbox 1936 2488 1979 2526; x_wconf 90' lang='lat' dir='ltr'><strong>id</strong></span> <span class='ocrx_word' id='word_1_444' title='bbox 2014 2486 2253 2526; x_wconf 87' lang='lat' dir='ltr'><strong>intellectmn</strong></span> <span class='ocrx_word' id='word_1_445' title='bbox 2288 2498 2377 2524; x_wconf 83' lang='lat' dir='ltr'><strong>ease</strong></span> 
     </span>
     <span class='ocr_line' id='line_1_40' title="bbox 161 2559 2378 2617; baseline 0 -17"><span class='ocrx_word' id='word_1_446' title='bbox 161 2559 357 2610; x_wconf 77' lang='lat' dir='ltr'><strong>volumus,</strong></span> <span class='ocrx_word' id='word_1_447' title='bbox 382 2567 549 2601; x_wconf 89' lang='lat' dir='ltr'><strong>mentem</strong></span> <span class='ocrx_word' id='word_1_448' title='bbox 579 2562 833 2603; x_wconf 87' lang='lat' dir='ltr'><strong>theoreticam</strong></span> <span class='ocrx_word' id='word_1_449' title='bbox 861 2568 912 2611; x_wconf 86' lang='lat' dir='ltr'><strong>et,</strong></span> <span class='ocrx_word' id='word_1_450' title='bbox 941 2561 1051 2614; x_wconf 88' lang='lat' dir='ltr'><strong>quod</strong></span> <span class='ocrx_word' id='word_1_451' title='bbox 1077 2562 1169 2603; x_wconf 90' lang='lat' dir='ltr'><strong>inde</strong></span> <span class='ocrx_word' id='word_1_452' title='bbox 1198 2562 1462 2613; x_wconf 87' lang='lat' dir='ltr'><strong>consequitur,</strong></span> <span class='ocrx_word' id='word_1_453' title='bbox 1489 2563 1609 2602; x_wconf 86' lang='lat' dir='ltr'><strong>vitam</strong></span> <span class='ocrx_word' id='word_1_454' title='bbox 1638 2562 1790 2602; x_wconf 88' lang='lat' dir='ltr'><strong>beatam</strong></span> <span class='ocrx_word' id='word_1_455' title='bbox 1820 2565 1942 2603; x_wconf 85' lang='lat' dir='ltr'><strong>totius</strong></span> <span class='ocrx_word' id='word_1_456' title='bbox 1970 2563 2245 2617; x_wconf 86' lang='lat' dir='ltr'><strong>generationis,</strong></span> <span class='ocrx_word' id='word_1_457' title='bbox 2274 2568 2378 2613; x_wconf 70' lang='lat' dir='ltr'><strong>qnae</strong></span> 
     </span>
     <span class='ocr_line' id='line_1_41' title="bbox 161 2635 2377 2691; baseline 0.001 -16"><span class='ocrx_word' id='word_1_458' title='bbox 161 2635 223 2676; x_wconf 81' lang='lat' dir='ltr'><strong>his</strong></span> <span class='ocrx_word' id='word_1_459' title='bbox 251 2637 292 2675; x_wconf 90' lang='lat' dir='ltr'><strong>in</strong></span> <span class='ocrx_word' id='word_1_460' title='bbox 319 2637 436 2674; x_wconf 84' lang='lat' dir='ltr'><strong>terris</strong></span> <span class='ocrx_word' id='word_1_461' title='bbox 463 2636 559 2677; x_wconf 84' lang='lat' dir='ltr'><strong>fieri</strong></span> <span class='ocrx_word' id='word_1_462' title='bbox 579 2637 701 2687; x_wconf 85' lang='lat' dir='ltr'><strong>solet,</strong></span> <span class='ocrx_word' id='word_1_463' title='bbox 738 2652 824 2678; x_wconf 83' lang='lat' dir='ltr'><strong>esse</strong></span> <span class='ocrx_word' id='word_1_464' title='bbox 851 2637 986 2679; x_wconf 84' lang='lat' dir='ltr'><strong>finem.</strong></span> <span class='ocrx_word' id='word_1_465' title='bbox 1038 2637 1098 2678; x_wconf 88' lang='lat' dir='ltr'><strong>Ac</strong></span> <span class='ocrx_word' id='word_1_466' title='bbox 1124 2640 1289 2691; x_wconf 89' lang='lat' dir='ltr'><strong>primum</strong></span> <span class='ocrx_word' id='word_1_467' title='bbox 1316 2636 1475 2689; x_wconf 86' lang='lat' dir='ltr'><strong>quidem</strong></span> <span class='ocrx_word' id='word_1_468' title='bbox 1512 2640 1642 2678; x_wconf 83' lang='lat' dir='ltr'><strong>existit</strong></span> <span class='ocrx_word' id='word_1_469' title='bbox 1676 2652 1807 2679; x_wconf 88' lang='lat' dir='ltr'><strong>rerum</strong></span> <span class='ocrx_word' id='word_1_470' title='bbox 1842 2639 2079 2679; x_wconf 88' lang='lat' dir='ltr'><strong>naturalium</strong></span> <span class='ocrx_word' id='word_1_471' title='bbox 2107 2635 2226 2686; x_wconf 89' lang='lat' dir='ltr'><strong>ordo,</strong></span> <span class='ocrx_word' id='word_1_472' title='bbox 2263 2639 2377 2677; x_wconf 69' lang='lat' dir='ltr'><strong>urim</strong></span> 
     </span>
     <span class='ocr_line' id='line_1_42' title="bbox 161 2709 2375 2766; baseline 0.001 -16"><span class='ocrx_word' id='word_1_473' title='bbox 161 2709 254 2750; x_wconf 85' lang='lat' dir='ltr'><strong>finis</strong></span> <span class='ocrx_word' id='word_1_474' title='bbox 280 2716 421 2750; x_wconf 84' lang='lat' dir='ltr'><strong>natura</strong></span> <span class='ocrx_word' id='word_1_475' title='bbox 448 2717 518 2759; x_wconf 80' lang='lat' dir='ltr'><strong>est,</strong></span> <span class='ocrx_word' id='word_1_476' title='bbox 546 2712 734 2766; x_wconf 87' lang='lat' dir='ltr'><strong>deinceps</strong></span> <span class='ocrx_word' id='word_1_477' title='bbox 761 2727 809 2753; x_wconf 88' lang='lat' dir='ltr'><strong>ex</strong></span> <span class='ocrx_word' id='word_1_478' title='bbox 834 2720 976 2754; x_wconf 81' lang='lat' dir='ltr'><strong>natura</strong></span> <span class='ocrx_word' id='word_1_479' title='bbox 1003 2714 1217 2754; x_wconf 84' lang='lat' dir='ltr'><strong>efflorescit</strong></span> <span class='ocrx_word' id='word_1_480' title='bbox 1245 2712 1344 2752; x_wconf 89' lang='lat' dir='ltr'><strong>ordo</strong></span> <span class='ocrx_word' id='word_1_481' title='bbox 1372 2725 1504 2752; x_wconf 89' lang='lat' dir='ltr'><strong>rerum</strong></span> <span class='ocrx_word' id='word_1_482' title='bbox 1532 2714 1796 2763; x_wconf 82' lang='lat' dir='ltr'><strong>honestarum,</strong></span> <span class='ocrx_word' id='word_1_483' title='bbox 1824 2716 1936 2754; x_wconf 83' lang='lat' dir='ltr'><strong>cuius</strong></span> <span class='ocrx_word' id='word_1_484' title='bbox 1962 2714 2052 2753; x_wconf 86' lang='lat' dir='ltr'><strong>finis</strong></span> <span class='ocrx_word' id='word_1_485' title='bbox 2079 2718 2141 2751; x_wconf 87' lang='lat' dir='ltr'><strong>est</strong></span> <span class='ocrx_word' id='word_1_486' title='bbox 2165 2711 2375 2752; x_wconf 76' lang='lat' dir='ltr'><strong>beatitudo</strong></span> 
     </span>
     <span class='ocr_line' id='line_1_43' title="bbox 161 2785 2374 2843; baseline 0.001 -18"><span class='ocrx_word' id='word_1_487' title='bbox 161 2785 205 2825; x_wconf 91' lang='lat' dir='ltr'><strong>in</strong></span> <span class='ocrx_word' id='word_1_488' title='bbox 220 2787 388 2826; x_wconf 48' lang='lat' dir='ltr'><strong>‘actione</strong></span> <span class='ocrx_word' id='word_1_489' title='bbox 413 2786 550 2839; x_wconf 75' lang='lat' dir='ltr'><strong>posita</strong></span> <span class='ocrx_word' id='word_1_490' title='bbox 575 2786 627 2838; x_wconf 79' lang='grc' dir='ltr'><strong>(ἡ</strong></span> <span class='ocrx_word' id='word_1_491' title='bbox 654 2787 894 2843; x_wconf 51' lang='grc' dir='ltr'><strong><em>εὐπραξία),</em></strong></span> <span class='ocrx_word' id='word_1_492' title='bbox 910 2791 1112 2843; x_wconf 77' lang='lat' dir='ltr'><strong>postremo</strong></span> <span class='ocrx_word' id='word_1_493' title='bbox 1141 2802 1250 2828; x_wconf 83' lang='lat' dir='ltr'><strong>mens</strong></span> <span class='ocrx_word' id='word_1_494' title='bbox 1278 2787 1506 2838; x_wconf 72' lang='lat' dir='ltr'><strong>theoretica,</strong></span> <span class='ocrx_word' id='word_1_495' title='bbox 1535 2791 1647 2829; x_wconf 85' lang='lat' dir='ltr'><strong>cuius</strong></span> <span class='ocrx_word' id='word_1_496' title='bbox 1675 2804 1792 2830; x_wconf 90' lang='lat' dir='ltr'><strong>causa</strong></span> <span class='ocrx_word' id='word_1_497' title='bbox 1812 2791 1936 2830; x_wconf 90' lang='lat' dir='ltr'><strong>omnis</strong></span> <span class='ocrx_word' id='word_1_498' title='bbox 1954 2786 2162 2842; x_wconf 72' lang='lat' dir='ltr'><strong>generatio</strong></span> <span class='ocrx_word' id='word_1_499' title='bbox 2181 2788 2284 2828; x_wconf 72' lang='lat' dir='ltr'><strong>facta</strong></span> <span class='ocrx_word' id='word_1_500' title='bbox 2301 2794 2374 2828; x_wconf 75' lang='lat' dir='ltr'><strong>eat.</strong></span> 
     </span>
     <span class='ocr_line' id='line_1_44' title="bbox 161 2859 2376 2920; baseline 0.001 -21"><span class='ocrx_word' id='word_1_501' title='bbox 161 2859 248 2899; x_wconf 89' lang='lat' dir='ltr'><strong>Pol.</strong></span> <span class='ocrx_word' id='word_1_502' title='bbox 267 2859 354 2900; x_wconf 85' lang='lat' dir='ltr'><strong>vn.</strong></span> <span class='ocrx_word' id='word_1_503' title='bbox 384 2862 446 2902; x_wconf 86' lang='lat'><strong>15.</strong></span> <span class='ocrx_word' id='word_1_504' title='bbox 493 2860 681 2916; x_wconf 78' lang='grc' dir='ltr'><strong><em>Φανερὸν</em></strong></span> <span class='ocrx_word' id='word_1_505' title='bbox 708 2860 758 2913; x_wconf 76' lang='grc' dir='ltr'><strong>δὴ</strong></span> <span class='ocrx_word' id='word_1_506' title='bbox 785 2861 906 2904; x_wconf 79' lang='grc' dir='ltr'><strong><em>τοῦτό</em></strong></span> <span class='ocrx_word' id='word_1_507' title='bbox 932 2878 978 2916; x_wconf 79' lang='grc' dir='ltr'><strong>γε</strong></span> <span class='ocrx_word' id='word_1_508' title='bbox 994 2866 1163 2920; x_wconf 73' lang='grc' dir='ltr'><strong><em>’πρῶτον</em></strong></span> <span class='ocrx_word' id='word_1_509' title='bbox 1187 2865 1280 2917; x_wconf 82' lang='grc' dir='ltr'><strong><em>μέν,</em></strong></span> <span class='ocrx_word' id='word_1_510' title='bbox 1306 2860 1501 2919; x_wconf 80' lang='grc' dir='ltr'><strong><em>καθάπερ</em></strong></span> <span class='ocrx_word' id='word_1_511' title='bbox 1529 2867 1573 2905; x_wconf 80' lang='grc' dir='ltr'><strong><em>ἐν</em></strong></span> <span class='ocrx_word' id='word_1_512' title='bbox 1598 2869 1685 2911; x_wconf 83' lang='grc' dir='ltr'><strong><em>τοῖς</em></strong></span> <span class='ocrx_word' id='word_1_513' title='bbox 1712 2861 1860 2913; x_wconf 83' lang='grc' dir='ltr'><strong><em>ἄλλοις,</em></strong></span> <span class='ocrx_word' id='word_1_514' title='bbox 1892 2861 1945 2910; x_wconf 82' lang='grc' dir='ltr'><strong>ὡς</strong></span> <span class='ocrx_word' id='word_1_515' title='bbox 1970 2860 1997 2912; x_wconf 83' lang='grc' dir='ltr'><em>ἡ</em></span> <span class='ocrx_word' id='word_1_516' title='bbox 2024 2866 2180 2915; x_wconf 64' lang='grc' dir='ltr'><strong><em>γένεσις</em></strong></span> <span class='ocrx_word' id='word_1_517' title='bbox 2205 2859 2376 2916; x_wconf 73' lang='grc' dir='ltr'><strong>άπ’··ἀρ-</strong></span> 
     </span>
     <span class='ocr_line' id='line_1_45' title="bbox 159 2933 2377 2996; baseline 0.002 -22"><span class='ocrx_word' id='word_1_518' title='bbox 159 2935 236 2988; x_wconf 78' lang='grc' dir='ltr'><strong>χῆς</strong></span> <span class='ocrx_word' id='word_1_519' title='bbox 263 2938 347 2976; x_wconf 79' lang='grc' dir='ltr'><strong><em>ἐστὶ</em></strong></span> <span class='ocrx_word' id='word_1_520' title='bbox 373 2938 444 2978; x_wconf 79' lang='grc' dir='ltr'><strong><em>καὶ</em></strong></span> <span class='ocrx_word' id='word_1_521' title='bbox 470 2933 518 2977; x_wconf 82' lang='grc' dir='ltr'><strong>τὸ</strong></span> <span class='ocrx_word' id='word_1_522' title='bbox 545 2938 658 2985; x_wconf 82' lang='grc' dir='ltr'><strong><em>τέλος</em></strong></span> <span class='ocrx_word' id='word_1_523' title='bbox 685 2937 768 2980; x_wconf 80' lang='grc' dir='ltr'><strong>ἀπό</strong></span> <span class='ocrx_word' id='word_1_524' title='bbox 795 2953 904 2988; x_wconf 80' lang='grc' dir='ltr'><strong><em>τινος</em></strong></span> <span class='ocrx_word' id='word_1_525' title='bbox 931 2938 1057 2996; x_wconf 80' lang='grc' dir='ltr'><strong><em>ἀρχῆς</em></strong></span> <span class='ocrx_word' id='word_1_526' title='bbox 1091 2936 1218 2980; x_wconf 76' lang='grc' dir='ltr'><strong><em>ἄλλου</em></strong></span> <span class='ocrx_word' id='word_1_527' title='bbox 1250 2939 1399 2988; x_wconf 80' lang='grc' dir='ltr'><strong><em>τέλους.</em></strong></span> <span class='ocrx_word' id='word_1_528' title='bbox 1455 2937 1478 2980; x_wconf 88' lang='grc' dir='ltr'><strong>ὁ</strong></span> <span class='ocrx_word' id='word_1_529' title='bbox 1507 2940 1550 2981; x_wconf 79' lang='grc' dir='ltr'><strong>δὲ</strong></span> <span class='ocrx_word' id='word_1_530' title='bbox 1576 2938 1698 2993; x_wconf 78' lang='grc' dir='ltr'><strong><em>λόγος</em></strong></span> <span class='ocrx_word' id='word_1_531' title='bbox 1725 2938 1822 2993; x_wconf 86' lang='grc' dir='ltr'><strong><em>ἡμῖν</em></strong></span> <span class='ocrx_word' id='word_1_532' title='bbox 1847 2939 1916 2979; x_wconf 82' lang='grc' dir='ltr'><strong><em>καὶ</em></strong></span> <span class='ocrx_word' id='word_1_533' title='bbox 1943 2937 1966 2979; x_wconf 88' lang='grc' dir='ltr'><strong><em>ὁ</em></strong></span> <span class='ocrx_word' id='word_1_534' title='bbox 1994 2939 2093 2987; x_wconf 85' lang='grc' dir='ltr'><strong><em>νοῦς</em></strong></span> <span class='ocrx_word' id='word_1_535' title='bbox 2119 2939 2190 2988; x_wconf 87' lang='grc' dir='ltr'><strong>τῆς</strong></span> <span class='ocrx_word' id='word_1_536' title='bbox 2213 2935 2377 2994; x_wconf 67' lang='grc' dir='ltr'><strong>’φύσεος</strong></span> 
     </span>
    </p>
   </div>
   <div class='ocr_carea' id='block_1_6' title="bbox 2480 1114 2581 1311">
    <p class='ocr_par' dir='ltr' id='par_1_7' title="bbox 2480 1114 2581 1311">
     <span class='ocr_line' id='line_1_46' title="bbox 2480 1114 2581 1311; baseline 0 2026"><span class='ocrx_word' id='word_1_537' title='bbox 2480 1114 2581 1311; x_wconf 95' lang='lat' dir='ltr'><strong> </strong></span> 
     </span>
    </p>
   </div>
  </div>
 </body>
</html>
