2581 3337
1109 159 1411 203 —10—

144 284 359 323 hominum.
403 281 537 334 Quam
564 281 620 321 oh
641 293 724 320 rem
751 280 880 320 omnis
907 279 1075 319 actionis
1101 280 1338 333 principium
1366 285 1437 329 est,
1465 285 1506 319 et
1521 278 1624 320 illud
1643 280 1801 334 quidem
1819 281 2019 323 immobile
2038 288 2079 323 et
2095 283 2223 336 prima
2238 297 2368 327 eausa.

143 358 322 411 Metaph.
340 357 392 395 V.
412 359 451 397 5.
479 357 566 396 XII.
587 358 623 396 7.
651 356 719 395 lx.
738 357 778 395 8.
823 355 904 394 Sed
932 368 1054 407 quum
1081 357 1282 408 appetitus
1309 354 1361 395 ad
1386 363 1599 395 extremum
1617 356 1816 398 honorum
1834 356 2211 411 apprehendendum
2228 364 2372 400 natura

145 434 273 475 factus
300 436 363 483 sit,
392 433 575 481 efficitur,
602 438 651 472 ut
676 431 780 472 idem
806 430 910 471 illud
936 433 978 472 in
1006 434 1172 472 actionis
1199 432 1430 472 societatem
1450 437 1636 471 transeat.
1685 432 1885 485 Quoniam
1913 439 2043 474 autem
2072 437 2372 490 appetitus-per

145 524 189 552 se
217 523 360 551 caecus
389 516 466 559 est,
500 522 613 550 mens
642 510 679 549 ei
707 506 840 548 addita
867 513 946 556 est,
975 514 1169 561 tamquam
1198 507 1356 557 oculus,
1383 514 1429 548 ut
1454 507 1588 549 videat
1616 523 1663 549 ac
1689 509 1856 560 iudicet,
1885 509 1981 564 quid
2005 523 2144 552 verum
2171 518 2373 555 rectumve

144 589 197 628 sit
223 587 292 628 vel
317 589 358 628 in
386 584 565 626 consiliis
592 585 658 625 vel
685 587 727 624 in
753 584 901 624 finibus
930 584 1230 625 constituendis.
1275 585 1398 625 Ponit
1423 586 1549 640 igitur
1573 597 1684 625 meus
1712 588 1922 627 terminum
1945 586 2119 636 alterum,
2147 595 2372 630 rectam-ra-

146 666 294 706 tionem
321 658 422 713 (τὸν
450 659 587 716 ὀρθὸν
613 658 771 714 λόγον),
799 663 885 701 sine
913 674 992 714 qua
1019 663 1181 702 omnino
1209 661 1319 701 nulla
1348 674 1435 701 esse
1461 667 1599 713 potest
1623 664 1761 712 virtus,
1793 677 1925 716 neque
1952 663 2034 705 una
2061 665 2164 704 actio
2192 665 2369 706 honesta.

145 738 299 785 Laudat
325 741 462 792 itaque
489 739 705 786 Socratem,
733 736 842 791 quod
869 738 1038 778 virtutes
1065 740 1248 780 scientias
1278 737 1430 786 dixerit,
1458 744 1498 777 at
1526 737 1695 778 eundem
1722 740 1989 792 reprehendit,
2017 740 2126 793 quod
2153 743 2372 794 appetitum

144 818 229 855 sive
255 814 475 855 naturalem
501 816 660 853 virtutis
687 814 863 852 habitum
892 813 1123 868 neglexerit.
1169 814 1259 852 Eth.
1278 815 1433 857 Nicom.
1461 815 1532 853 IV.
1562 815 1627 853 13.
1673 815 1918 870 Intelligitur
1945 822 2075 857 autem
2103 829 2150 857 ex
2175 817 2246 865 his,
2274 828 2371 870 quo·

142 891 266 933 modo
295 890 378 932 duo
406 890 474 931 illa
503 897 678 932 extrema
705 892 745 930 in
772 896 904 931 mente
932 893 1106 944 practica
1134 892 1346 931 coniuncta
1373 893 1462 930 sint.
1519 891 1650 930 Unum
1682 897 1905 940 extremum,
1933 893 2025 933 finis
2051 893 2264 942 bonorum,
2291 894 2371 933 vim

144 981 256 1009 suam
282 966 506 1008 manifestat
533 969 576 1006 iu
605 968 731 1007 altero
761 973 953 1015 extremo,
989 968 1178 1014 consilio,
1212 967 1319 1006 unde
1354 969 1459 1005 actio
1495 966 1782 1018 proficiscitur,
1819 964 1989 1008 termino
2017 968 2166 1016 medio,
2201 975 2371 1008 mentem

143 1044 354 1098 practicam
382 1041 579 1098 intelligo,
607 1043 858 1097 interposito.
905 1043 1019 1084 Hanc
1045 1044 1240 1084 rationem
1267 1048 1428 1083 secutus
1457 1055 1543 1082 esse
1570 1040 1730 1083 videtur
1750 1042 1987 1085 Aristoteles
2011 1046 2052 1085 in
2070 1044 2232 1086 Ethicis.
2274 1045 2369 1086 Uno

145 1123 248 1160 enim
275 1127 461 1168 extremo,
490 1119 541 1159 ad
570 1119 681 1172 quod
708 1132 844 1159 omnes
873 1122 1050 1160 actiones
1079 1118 1258 1168 tendunt,
1285 1120 1434 1172 posito,
1462 1118 1513 1158 ad
1540 1118 1707 1159 alterinn
1735 1125 1959 1169 extremum,
1987 1119 2093 1161 unde
2118 1122 2244 1161 omnis
2267 1120 2371 1160 actio

144 1198 301 1248 incipit,
329 1210 417 1235 sese
446 1198 647 1235 convertit
674 1209 718 1233 ac
744 1198 846 1235 viam
876 1202 1173 1244 commonstrat,
1210 1207 1287 1248 qua
1316 1194 1366 1234 ad
1392 1194 1513 1235 finem
1540 1196 1792 1250 propositum
1818 1197 2021 1251 perveniri
2046 1197 2183 1250 possit.
2238 1195 2372 1251 Appa-

143 1280 207 1312 ret
233 1279 382 1320 autem,
411 1288 501 1312 eum
531 1274 801 1324 composuisse
829 1273 968 1311 Ethica
996 1273 1044 1311 ad
1073 1275 1191 1310 animi
1219 1273 1378 1310 humani
1405 1279 1584 1310 naturam
1613 1275 1779 1324 eiusque
1807 1275 2121 1327 generationem,
2148 1275 2219 1322 ita,
2247 1278 2293 1310 ut
2319 1272 2369 1311 ab

145 1349 405 1390 inferioribus
433 1348 485 1389 ad
514 1351 724 1401 superiora
751 1349 955 1397 ascendat,
990 1355 1035 1389 ut
1061 1363 1085 1388 a
1112 1351 1274 1389 Mureto
1307 1354 1415 1387 recte
1444 1347 1757 1387 animadversum
1787 1355 1847 1387 est
1875 1348 1925 1387 ad
1952 1349 2018 1387 lib.
2047 1350 2114 1388 111.
2143 1352 2180 1387 6.
2235 1349 2370 1387 Extre-

143 1438 247 1465 mum
275 1423 444 1465 alterum
474 1423 683 1465 consilium
711 1430 780 1473 est,
807 1425 848 1464 in
878 1436 958 1478 quo
986 1438 1096 1465 mens
1125 1432 1165 1466 et
1192 1425 1392 1478 appetitus
1410 1426 1530 1465 'suam
1556 1425 1638 1464 vim
1666 1425 1908 1472 coniunctim
1928 1424 2140 1473 declarant,
2169 1420 2370 1477 ὀρεκτικός

142 1500 239 1548 νοῦς
264 1499 291 1550 ἡ
318 1502 566 1555 προαίρεσις.
613 1499 837 1541 Consilium
866 1501 979 1549 enim,
1009 1502 1081 1541 etsi
1108 1500 1180 1542 fini
1209 1501 1448 1554 oppositum,
1477 1501 1643 1553 suscipit
1669 1506 1800 1540 tamen
1825 1499 2002 1540 eiusdem
2025 1503 2226 1554 ἐνέργειαν
2243 1500 2370 1540 fovet-

144 1590 222 1627 que
249 1590 352 1624 eam,
381 1579 438 1616 ita
465 1582 512 1615 ut
538 1577 638 1615 nihil
667 1576 775 1615 aliud
802 1578 864 1624 sit,
893 1577 971 1615 nisi
998 1583 1109 1616 actus
1137 1576 1324 1616 eiusdem.
1380 1575 1556 1629 Metaph.
1585 1576 1653 1615 IX.
1682 1576 1719 1616 8.
1748 1572 1854 1630 ἀρχή
1881 1573 1960 1629 γὰρ
1987 1574 2035 1616 τὸ
2064 1570 2112 1617 οὗ
2139 1579 2269 1623 ἕνεκα,
2295 1576 2370 1616 τοῦ

143 1653 279 1698 τέλους
307 1652 344 1691 δ’
368 1657 483 1692 ἕνεκα
510 1651 537 1700 ἡ
565 1654 729 1704 γένεσις.
771 1654 883 1698 τέλος
910 1651 949 1691 δ’
973 1651 999 1700 ἡ
1028 1655 1216 1705 ἐνέργεια,
1242 1655 1311 1692 καὶ
1336 1651 1483 1692 τούτου
1505 1649 1627 1705 χάριν
1649 1650 1675 1701 ἡ
1701 1649 1870 1703 δύναμις
1893 1650 2157 1704 λαμβάνεται.
2197 1652 2256 1691 Ex
2276 1664 2368 1691 con-

143 1728 232 1767 silio
261 1735 391 1767 autem
420 1730 599 1767 actiones
626 1728 945 1781 proficiscuntur,
976 1730 1068 1779 quia
1096 1730 1181 1766 veri
1210 1728 1445 1780 honestique
1472 1727 1736 1781 intelligentia
1759 1729 1801 1766 in
1825 1727 1993 1767 consilio
2016 1729 2131 1767 inest.
2173 1728 2273 1767 Nam
2292 1727 2368 1766 hoc

143 1805 388 1855 potissimum
417 1803 468 1843 ad
497 1817 653 1843 omnem
682 1805 867 1842 virtutem
895 1804 1172 1855 actionemque
1198 1806 1367 1856 requirit
1394 1803 1649 1852 Aristoteles,
1685 1810 1731 1843 ut
1758 1803 1895 1851 homo,
1933 1805 2002 1855 qui
2031 1809 2139 1857 agat,
2167 1805 2366 1844 scientiam

141 1882 232 1920 veri·
255 1881 435 1931 rectique
463 1879 620 1920 habeat.
677 1879 807 1932 Quid?
843 1879 954 1931 quod
982 1893 1071 1927 eos,
1100 1882 1168 1931 qui
1196 1887 1266 1918 aut
1292 1887 1432 1918 natura
1459 1880 1627 1919 fautrice
1654 1882 1823 1919 virtutes
1852 1879 2039 1931 quasdam
2068 1886 2266 1927 exercent,
2299 1886 2368 1918 aut

141 1956 255 1996 inviti
284 1956 368 1996 sive
396 1956 511 1996 inscii
538 1954 697 2011 legibus
725 1954 1018 2010 obtemperant,
1054 1939 1188 1996 noluit
1214 1956 1408 1996 nominari
1434 1954 1642 2005 honestos,
1670 1957 1820 2010 quippe
1848 1970 1968 2008 quum
1996 1956 2038 1995 in
2067 1956 2124 1995 eis
2151 1951 2198 1995 τὸ
2223 1956 2368 2009 κυρίως

141 2029 329 2083 ἀγαθόν,
357 2030 380 2072 ὁ
410 2028 545 2086 ὀρθὸς
571 2030 711 2084 λόγος,
739 2033 823 2072 sine
851 2045 932 2086 quo
960 2046 1036 2072 nec
1060 2033 1190 2072 virtus
1217 2044 1311 2072 vera
1337 2045 1413 2072 nec
1439 2033 1543 2073 actio
1572 2032 1740 2073 honeste
1769 2039 1891 2083 esset,
1920 2030 2221 2072 desideraretur.
2275 2032 2364 2074 Eth.

141 2110 295 2146 Nicom.
352 2109 420 2147 VI.
452 2111 516 2148 13.
543 2107 637 2148 ἀλλ’
662 2106 769 2160 ὅμως
801 2109 999 2161 ζητοῦμεν
1032 2106 1170 2162 ἕτερόν
1197 2122 1253 2157 τι,
1288 2106 1336 2148 τὸ
1369 2109 1513 2162 κυρίως
1546 2104 1718 2161 ἀγαθὸν
1748 2105 1861 2149 εἶναι.
1917 2109 1981 2148 12.
2017 2103 2149 2160 ὥσπερ
2184 2103 2263 2162 γὰρ
2297 2109 2366 2149 καὶ

142 2180 193 2223 τὰ
221 2183 359 2223 δίκαια
386 2185 556 2235 λέγομεν
583 2182 838 2237 πράττοντάς
864 2200 978 2243 τινας
1005 2182 1116 2225 οὔπω
1145 2185 1324 2231 δικαίους
1352 2182 1463 2233 εἶναι,
1490 2184 1579 2225 οἷον
1604 2183 1700 2232 τοὺς
1720 2182 1775 2225 τὰ
1794 2182 1873 2225 ὑπὸ
1892 2186 1973 2225 τῶν
1989 2181 2127 2235 νόμων
2143 2187 2366 2237 τεταγμένα

142 2261 363 2306 tomen-ag,
390 2257 417 2308 ἢ
446 2257 634 2307 ἄκοντας,
660 2257 689 2308 ἢ
717 2259 765 2299 δι’
790 2258 980 2312 ἄγνοιαν,
1007 2257 1036 2309 ἢ
1059 2258 1116 2299 ’δι’
1140 2257 1276 2311 ἕτερόν
1303 2274 1358 2307 τι,
1385 2262 1453 2300 καὶ
1479 2257 1536 2311 μὴ
1564 2260 1616 2300 δι’
1641 2260 1756 2301 αὐτά.
1814 2262 1877 2300 Ac
1903 2266 2053 2299 tantum
2082 2259 2210 2306 abest,
2245 2265 2291 2298 ut
2317 2261 2364 2298 iis

142 2336 365 2376 consentiat
391 2334 647 2386 Aristoteles,
677 2336 743 2389 qui
762 2340 934 2392 negant,
968 2344 1203 2390 quemquam
1231 2340 1377 2389 sponte
1402 2349 1449 2377 ac
1476 2335 1659 2378 consulto
1686 2335 1911 2391 improbum
1938 2349 2043 2384 esse,
2070 2340 2117 2376 ut
2141 2332 2365 2376 idemeon-

141 2409 294 2458 tendat,
329 2412 595 2465 ignorantiam
631 2414 719 2451 veri
753 2412 992 2465 honestique
1018 2414 1147 2465 ipsam
1174 2423 1260 2451 esse
1288 2411 1584 2465 turpitudinem.
1639 2412 1732 2453 Eth.
1759 2412 1915 2453 Nicom.
1942 2409 2007 2451 111.
2036 2410 2074 2451 5.
2128 2407 2283 2463 Quare,
2320 2415 2365 2451 ut

140 2486 238 2525 boni
265 2486 496 2535 evadamus,
525 2488 653 2527 tribus
681 2488 809 2529 rebus-
829 2501 933 2541 opus
960 2495 1042 2538 est,
1069 2493 1231 2536 natura,
1259 2488 1558 2538 consuetudine,
1585 2487 1783 2528 doctrina:
1811 2493 1853 2528 at
1877 2492 2020 2527 natura
2047 2490 2088 2525 et
2114 2484 2363 2527 consuetudo

140 2575 222 2601 non
250 2563 415 2602 multum
441 2563 589 2612 valent,
609 2566 695 2603 nisi
722 2567 931 2604 accesserit
956 2571 1065 2603 recta
1092 2564 1276 2611 ratio,.id
1298 2571 1363 2602 est
1387 2567 1474 2603 veri
1494 2565 1735 2617 honestique
1745 2564 2025 2617 intelligentia,
2051 2563 2207 2602 virtutis
2226 2575 2301 2601 usu
2321 2568 2364 2601 et

142 2639 424 2679 exercitatione
452 2640 655 2690 acquisita.
711 2640 796 2680 Pol.
815 2641 903 2680 VH.
934 2643 995 2681 13.
1040 2634 1165 2680 ’.Αλλιὲ
1185 2635 1275 2690 ’μὴν
1301 2638 1506 2691 ἀγαθοίγε
1533 2642 1605 2679 καί
1639 2641 1855 2681 σπουδαῖοι
1886 2641 2097 2690 γίγνονται
2126 2635 2206 2677 διὰ.
2229 2639 2361 2690 τριῶν.

139 2708 202 2754 τᾶ-
219 2715 312 2768 τρία
339 2714 385 2755 δὲ
409 2710 542 2755 ταῦτά
569 2711 817 2771 ὲστιφύσις,
845 2717 970 2765 hbes,
997 2713 1129 2769 λόγος.
1163 2715 1386 2756 ΔῙ)οι·νοι·εἰῐ;·
1407 2718 1511 2757 enim
1538 2715 1685 2771 agendi
1707 2717 1909 2770 principia
1936 2726 2088 2753 monim
2113 2716 2289 2766 pravitas
2316 2728 2363 2754 ac

139 2786 252 2839 facit,
270 2785 320 2830 ut
345 2801 420 2843 pro
447 2796 769 2844 vero=rectoque
797 2792 939 2833 falsum
968 2793 1190 2847 opinemur.
1206 2791 1322 2832 -2.Eth.
1349 2792 1505 2834 Nicom.
1524 2792 1595 2833 v1.
1624 2793 1688 2834 12.
1716 2792 1950 2846 διαστρέφει
1975 2785 2054 2843 γὰρ
2081 2787 2109 2839 ἡ
2136 2789 2361 2842 μοχθηρία,

139 2867 222 2905 καὶ
235 2863 547 2922 διαψεύδεσθαι
566 2872 684 2907 ποιεῖ’
699 2869 789 2922 περὶ
815 2865 891 2916 τὰς
909 2864 1140 2924 ’πρακτικὰς
1167 2865 1305 2921 ἀρχάς.
1350 2868 1482 2922 Quam
1511 2868 1564 2909 ob
1590 2882 1674 2909 rem
1691 2866 1795 2908 illud
1810 2866 2059 2921 potissimum
2076 2864 2249 2919 politicis
2272 2878 2361 2921 spe-

140 2941 324 2982 ctandum
350 2953 440 2982 esse
467 2945 538 2991 ait,
574 2950 622 2984 ut
646 2943 765 2985 bonis
791 2945 970 2986 moribus
998 2945 1256 2997 honestisque
1282 2946 1387 2985 vitae
1413 2943 1556 2986 studiis
1583 2946 1690 2986 cives
1716 2943 1896 2985 imbuant
1921 2955 2073 2996 eosque
2098 2942 2361 2984 assuefaciant
