2581 3337
1093 155 1393 199 —11—

132 283 182 323 ad
209 285 402 323 virtutfflnv
422 275 694 331 appetendam.
740 275 830 316 Eth.
849 274 1005 315 Nicom.
1024 273 1073 314 11.
1094 275 1131 315 1.
1158 276 1208 314 X.
1226 277 1264 316 9.
1309 274 1577 315 Vehementer
1602 275 1726 328 igitur
1751 281 1887 316 errant
1905 278 1945 325 ii,
1971 279 2042 329 qni
2058 283 2213 331 putant,
2239 286 2352 323 natu-

131 372 214 399 ram
240 357 365 399 solam
393 353 443 394 ab
471 352 687 394 Aristotele
715 364 803 392 esse
831 349 1002 390 habitam
1029 351 1201 391 civitatis
1228 352 1489 405 genetricem:
1513 352 1632 391 immo
1660 348 1818 391 disertis
1844 349 1981 392 verbis
2009 352 2118 403 dicit,
2147 352 2200 395 ad
2226 356 2351 399 virtu-

131 443 209 477 tem
236 432 405 474 civitatis
433 442 535 483 opus
565 442 651 469 esse
680 427 849 468 consilio
876 440 924 467 ac
950 428 1128 467 scientia.
1181 427 1268 468 Pol.
1289 428 1379 467 VIL
1409 428 1474 467 13.
1500 424 1547 468 τὸ
1575 427 1619 467 δὲ
1645 427 1874 468 σπουδαίαν
1901 426 2007 468 εἶναι
2031 426 2106 478 τὴν
2130 428 2253 474 πόλιν
2278 431 2349 474 οὐ.

130 514 213 552 κέτι
238 506 359 561 τύχης
386 507 514 561 ἔργον,
542 503 630 545 ἀλλ’
653 501 877 557 ἐπιστήμης
901 506 973 545 καὶ
997 508 1278 557 προαιρέσεως.
1323 505 1479 545 Natura
1506 505 1610 544 enim
1637 505 1749 556 quasi
1775 507 1937 545 materia
1963 511 2034 554 est,
2058 507 2105 547 in
2131 521 2210 560 qua
2235 510 2351 552 effin-

129 584 260 643 genda
291 585 432 624 mentis
467 582 659 622 humanae
694 583 819 622 virtus
853 582 1042 621 cernitur.
1097 580 1188 620 Eth.
1215 580 1369 621 Nicom.
1396 580 1445 620 IL
1473 581 1511 620 1.
1562 575 1656 621 Οὕτ’
1680 577 1763 635 ἄρα
1799 577 1919 635 φύσει
1952 577 2041 622 οὔτε
2074 580 2191 636 παρὰ
2225 600 2350 640 φωρ

128 662 356 713 ἐγγίνονται
381 661 427 699 αὶ
454 657 615 711 ἀρεταί·
653 655 758 697 ἀλλὰ
784 654 984 714 πεφυκόσι
1009 658 1084 709 μὲν
1108 655 1208 708 ἡμῖν
1235 654 1439 706 δέξασθαι
1465 653 1608 705 αυτάς,
1635 658 1922 709 τελειουμένοις
1948 657 1991 697 δὲ
2019 655 2085 697 διὰ
2110 660 2186 701 τοῦ
2208 661 2349 711 ἔθους.

127 738 283 777 Etenim
310 750 333 775 a
359 742 502 775 natura
528 748 658 774 novus
694 732 851 786 quidam
884 747 1017 774 rerum
1053 731 1153 773 ordo
1188 734 1347 786 incipit,
1383 734 1451 785 qui
1485 730 1537 771 ad
1571 734 1711 773 mentis
1745 732 1988 773 theoreticae
2023 738 2349 787 procreationum,

128 817 323 867 tamquam
351 809 401 851 ad
429 809 550 850 finem
578 823 708 859 suum,
746 808 884 849 tendit.
939 808 1026 850 Pol.
1046 808 1132 849 VII.
1163 809 1226 849 15.
1264 806 1286 848 ὁ
1315 808 1357 848 δὲ
1384 805 1504 861 λόγος
1530 807 1628 861 ἡμῖν
1654 810 1722 849 καὶ
1750 807 1774 849 ὁ
1801 810 1896 856 νοῦς
1927 809 2001 858 τῆς
2034 807 2193 865 φύσεως
2224 814 2349 865 τέλος,

127 887 229 931 ὥστε
262 884 365 941 πρὸς
398 885 565 935 τούτους
599 884 674 935 τὴν
708 889 863 938 γένεσιν
896 888 965 927 καὶ
999 882 1075 936 τὴν
1101 888 1181 926 τῶν
1208 887 1323 925 ἐθῶν
1349 886 1410 925 δεῖ
1435 884 1751 939 παρασκευάζειν
1776 886 1955 938 μελέτην.
2010 886 2150 939 Quare
2175 889 2349 941 pruden.

128 967 206 1003 tiae
236 963 362 1002 civilis
391 969 468 1009 est,
505 962 764 1015 cupiditatum
791 964 870 1000 vim
898 966 1085 1001 coel-cere
1113 975 1277 1013 eamque
1307 961 1479 1015 dirigere
1508 961 1558 999 ad
1585 963 1702 1000 vitam
1731 962 1946 1000 honestam.
2000 963 2059 1001 Ita
2087 963 2158 1002 ille
2184 971 2346 1006 naturae

125 1043 313 1092 impetus,
343 1042 411 1091 qui
440 1036 577 1090 θυμὸς
604 1046 786 1086 vocatur,
816 1038 1079 1092 intelligentia
1107 1053 1153 1079 ac
1178 1040 1335 1078 ratione
1362 1036 1628 1077 moderandus
1656 1045 1725 1078 est.
1782 1040 1883 1078 Nam
1911 1040 1984 1078 etsi
2010 1039 2080 1079 ille
2109 1040 2269 1092 quidem
2296 1043 2347 1083 ad

125 1118 294 1156 civitatis
329 1114 553 1154 libertatem
589 1114 653 1154 vel
691 1115 1005 1155 constituendam
1041 1114 1106 1155 vel
1141 1113 1326 1155 tuendam
1360 1115 1523 1154 maxime
1550 1113 1716 1154 idoneus
1746 1121 1825 1163 est,
1859 1123 1989 1155 tamen
2017 1129 2138 1167 quum
2167 1117 2218 1157 ad
2244 1120 2347 1159 iniu-

124 1193 221 1233 riam
249 1189 467 1232 faciendam
495 1196 637 1231 natura
664 1188 884 1245 proclivior
910 1192 971 1242 sit,
998 1192 1163 1232 rationis
1189 1191 1411 1245 mentisque
1436 1190 1604 1245 imperio
1634 1204 1735 1245 opus
1764 1196 1835 1240 est,
1862 1196 1906 1231 ut
1931 1191 2034 1232 intra
2061 1189 2163 1233 fines
2187 1191 2346 1236 honesti

124 1281 170 1308 ac
196 1269 282 1308 veri
310 1268 570 1308 contineatur.
624 1266 710 1307 Pol.
730 1267 818 1308 VII.
847 1269 884 1309 7.
925 1268 1013 1308 Eth.
1041 1268 1195 1308 Nicom.
1214 1267 1303 1307 VII.
1332 1268 1370 1308 5.
1426 1266 1569 1308 Omnis
1596 1269 1717 1322 igitur
1744 1267 1947 1316 honestas,
1983 1270 2191 1322 omnisque
2225 1273 2345 1312 animi

124 1346 284 1383 humani
312 1344 476 1382 libertas
504 1347 545 1381 in
576 1357 625 1382 eo
655 1351 715 1382 est
741 1346 882 1397 posita,
911 1351 956 1383 ut
984 1347 1183 1397 appetitus
1211 1357 1300 1382 cum
1326 1345 1482 1382 ratione
1510 1350 1619 1382 recta
1638 1345 1803 1394 verique
1826 1344 2086 1397 intelligentia
2106 1350 2341 1386 consentiat.

123 1419 248 1472 Quod
275 1420 365 1458 fieri
390 1419 512 1467 solet,
548 1435 668 1471 quum
697 1420 834 1459 eadem
860 1423 963 1459 ratio
992 1420 1178 1468 affirmat,
1211 1418 1348 1459 eadem
1375 1422 1575 1472 appetitus
1602 1421 1870 1472 persequitur,
1906 1427 2024 1472 atque
2052 1420 2101 1459 ad
2128 1422 2231 1461 hanc
2257 1426 2344 1475 qui-

123 1495 211 1536 dem
246 1497 451 1535 veritatem
486 1510 612 1544 mens,
655 1510 757 1547 quae
792 1503 959 1536 vocatur
994 1498 1183 1549 practica,
1219 1495 1322 1535 facta
1359 1501 1428 1535 est.
1454 1502 1573 1548 atque
1609 1497 1839 1548 composita.
1902 1495 1994 1536 Eth.
2021 1497 2174 1538 Nicom.
2201 1500 2274 1540 Vl.
2302 1501 2340 1540 2.

122 1569 216 1613 ὥστ’
241 1567 376 1622 ἐπειδὴ
404 1570 429 1621 ἡ
458 1568 587 1621 ἠθικὴ
616 1569 740 1625 ἀρετὴ
769 1570 846 1621 ἕξις
873 1568 1149 1626 προαιρετική,
1184 1568 1210 1621 ἡ
1239 1571 1281 1611 δὲ
1308 1572 1544 1625 προαίρεσις
1571 1567 1697 1625 ὄρεξις
1723 1570 1979 1624 βουλευτική·
2015 1573 2075 1614 δεῖ
2109 1569 2175 1614 διὰ
2209 1576 2342 1616 ταῦτα

121 1645 195 1688 τόν
220 1662 262 1688 τε
291 1645 415 1699 λόγον
443 1645 587 1697 ἀληθῆ
616 1645 733 1696 εἶναι,
769 1648 838 1688 καὶ
873 1644 949 1697 τὴν
983 1643 1114 1703 ὄρεξιν
1150 1637 1304 1701 ὀρθήν,
1340 1645 1448 1701 εἴπερ
1476 1645 1502 1696 ἡ
1529 1647 1764 1701 προαίρεσις
1798 1647 2020 1694 σπουδαία·
2055 1650 2125 1690 καὶ
2151 1646 2205 1689 τὰ
2233 1647 2340 1691 αὐτοὶ

121 1721 192 1764 τὸν
219 1724 294 1775 μὲν
321 1720 460 1779 φάναι,
488 1719 563 1772 τὴν
591 1723 634 1763 δὲ
662 1720 833 1764 ὁιῶκειν·
863 1720 965 1772 αὕτη
993 1724 1067 1775 μὲν
1093 1718 1166 1763 οὖν
1192 1720 1218 1771 ἡ
1248 1719 1410 1762 διάνοια
1437 1723 1506 1762 καὶ
1533 1720 1559 1771 ἡ
1588 1719 1768 1770 ἀλήθεια
1795 1721 2003 1775 πρακτική.

478 2007 564 2043 DE
593 2005 959 2050 nrnlusoem
990 1905 1715 2043 ΡΒΞΞΞΕΞΙΞΠΙὶΕῙιΑΤῙΟΝΕ
1743 2006 1975 2044 umna-

305 2104 430 2158 Quod
458 2108 491 2146 si
521 2108 695 2159 quaeris,
730 2120 823 2147 num
852 2104 1089 2149 Aristoteles
1125 2106 1243 2146 animi
1278 2104 1434 2145 humani
1461 2102 1680 2144 libertatem
1709 2103 1949 2155 defenderit,
1985 2106 2200 2149 concedam
2227 2111 2338 2163 equi-

121 2178 226 2229 dem,
263 2194 352 2221 eum
381 2181 547 2221 arbitrio
576 2184 694 2222 unius
722 2184 914 2236 cuiusque
942 2181 1167 2234 reliquisse,
1204 2187 1334 2221 utrum
1368 2180 1613 2220 honestatem
1646 2193 1701 2219 an
1723 2181 2016 2235 itur-pitndinem
2052 2185 2165 2237 sequi
2198 2184 2334 2225 velletz

119 2267 208 2294 nam
235 2255 388 2295 id-non
415 2257 543 2296 solum
572 2264 709 2309 aperte
738 2257 848 2305 dicit,
884 2258 974 2296 Eth.
1003 2259 1158 2296 Nicom.
1187 2257 1252 2295 111.
1281 2258 1319 2295 5.
1347 2254 1412 2309 ἐφ’
1435 2254 1534 2304 ἡμῖν
1561 2257 1673 2294 ἔσται
1699 2254 1748 2295 τὸ
1775 2259 1957 2297 ἐπιεικέσι
1984 2260 2054 2297 καὶ
2082 2258 2254 2313 φαύλοις
2277 2259 2336 2300 εἶ-

117 2346 203 2379 ναι,
239 2333 310 2371 sed
346 2337 460 2372 etiam
494 2341 581 2373 tota
615 2337 702 2373 eius
738 2337 918 2385 quaestio
954 2334 1005 2373 de
1040 2333 1208 2373 consilio
1241 2346 1291 2371 eo
1318 2338 1486 2383 spectat:
1523 2339 1564 2371 at
1590 2332 1693 2371 idem
1721 2347 1800 2386 ego
1828 2335 2048 2384 contendo,
2080 2337 2334 2377 Aristotelem

119 2406 237 2447 animi
263 2406 422 2464 humani
445 2407 669 2450 libertatem
696 2411 879 2463 posuisse
905 2410 948 2450 in
970 2408 1127 2450 consilii
1147 2408 1304 2449 humani
1323 2419 1369 2446 ae
1387 2404 1605 2447 voluntatis
1627 2421 1715 2448 cum
1732 2407 1942 2451 honestate
1960 2423 2166 2452 consensu.
2205 2409 2333 2463 Quod

118 2486 248 2522 autem
275 2495 349 2536 per
376 2495 420 2525 se
446 2483 654 2526 honestum
684 2492 754 2535 est,
786 2485 828 2526 id
854 2498 931 2526 nec
957 2484 1124 2526 arbitrio
1151 2483 1318 2524 hominis
1344 2494 1420 2522 nec
1446 2480 1530 2522 ulla
1556 2483 1755 2536 pravitate
1782 2490 1851 2525 aut
1876 2487 2070 2527 immutari
2096 2493 2166 2528 aut
2190 2485 2333 2541 depra-

116 2558 202 2596 vari
228 2563 374 2610 potest.
429 2561 530 2600 Nam
559 2568 600 2601 et
626 2561 844 2602 honestatis
870 2560 963 2600 finis
992 2559 1041 2600 ab
1068 2567 1232 2600 aeterno
1259 2565 1320 2598 est
1345 2558 1513 2611 positus,
1541 2564 1584 2597 et
1608 2560 1683 2608 via,
1712 2573 1813 2613 quae
1839 2559 1891 2600 ad
1918 2561 2085 2602 eundem
2110 2561 2231 2602 finem
2258 2562 2332 2604 du-

118 2635 188 2683 cit,
223 2633 274 2672 ab
301 2639 464 2676 aeterno
493 2638 799 2692 circumscripta.
854 2638 1010 2678 Etenim
1024 2636 1266 2676 custodiunt
1292 2634 1494 2673 hominum
1523 2635 1690 2674 consilia
1717 2649 1764 2675 ac
1789 2636 1894 2676 facta
1919 2638 2048 2679 divina
2073 2639 2254 2689 numina,
2287 2646 2333 2679 ut

95 2711 172 2748 ,ait
198 2710 419 2763 Sophocles
443 2712 550 2753 Oed.
581 2715 679 2766 Tyr.
707 2729 744 2754 v.
763 2716 844 2754 863
863 2728 931 2766 sq„
960 2720 1002 2753 et
1019 2713 1136 2766 leges
1164 2712 1342 2758 civitatis,
1371 2710 1422 2752 ad
1448 2710 1560 2765 leges
1588 2711 1740 2751 divinas
1768 2713 1894 2753 factae
1912 2721 1963 2753 >et
1984 2716 2240 2766 compositae,
2266 2727 2331 2754 ea·

118 2783 206 2825 dem
233 2788 473 2826 auctoritate
496 2790 669 2843 cogendi
695 2790 840 2838 valent,
868 2797 914 2830 ut
940 2792 999 2829 ait
1023 2787 1268 2830 Aristoteles.
1313 2787 1404 2827 Eth.
1432 2786 1587 2827 Nicom.
1615 2787 1662 2826 X.
1690 2789 1729 2829 9.
1757 2788 1782 2829 ὁ
1809 2790 1852 2830 δὲ
1877 2787 2001 2840 νόμος
2026 2786 2331 2842 timueram&

117 2858 195 2910 ἔχει
222 2857 403 2913 δύναμιν,
421 2860 551 2917 λόγος
576 2860 633 2905 ὧν
660 2862 743 2906 ἀπό
768 2879 879 2913 τινος
905 2862 1148 2921 φρονήσεως·
1165 2864 1234 2904 καὶ
1259 2863 1346 2903 νοῦ.
1391 2863 1495 2903 Nam
1522 2876 1626 2915 quae
1653 2864 1808 2906 tandem
1830 2877 1950 2904 causa
1977 2871 2095 2913 esset,
2122 2879 2194 2906 cur
2209 2867 2330 2919 puni-

115 2939 262 2988 rentur.
279 2936 471 2988 scelerati,
499 2941 575 2980 nisi
603 2941 723 2982 homo
750 2941 802 2982 ad
828 2942 1072 2984 honestatem
1091 2939 1297 2981 colendam
1315 2945 1432 2980 natus
1451 2937 1750 2992 destinatusque
1766 2942 1892 2981 esset?
1930 2939 2022 2983 Eth.
2036 2942 2190 2983 Nicom-
2206 2941 2329 2987 1118.

1828 3015 1855 3056 2
1870 3017 1897 3044 a*
